@article{Adams_2008,
   author = {Adams, J.},
   title = {The Proteome: Discovering the Structure and Function of Proteins},
   journal = {Nature Education},
   volume = {1},
   number = {3},
   pages = {6},
   year = {2008},
   type = {Journal Article}
}

@article{Anand_2020,
   author = {Anand, Ruchika and Kondadi, Arun Kumar and Meisterknecht, Jana and Golombek, Mathias and Nortmann, Oliver and Riedel, Julia and Peifer-Weiß, Leon and Brocke-Ahmadinejad, Nahal and Schlütermann, David and Stork, Björn and Eichmann, Thomas O. and Wittig, Ilka and Reichert, Andreas S.},
   title = {MIC26 and MIC27 cooperate to regulate cardiolipin levels and the landscape of OXPHOS complexes},
   journal = {Life Science Alliance},
   volume = {3},
   number = {10},
   pages = {e202000711},
   DOI = {10.26508/lsa.202000711},
   url = {http://www.life-science-alliance.org/content/3/10/e202000711.abstract},
   year = {2020},
   type = {Journal Article}
}

@article{Anand_2016,
   author = {Anand, Ruchika and Strecker, Valentina and Urbach, Jennifer and Wittig, Ilka and Reichert, Andreas S.},
   title = {Mic13 Is Essential for Formation of Crista Junctions in Mammalian Cells},
   journal = {PLOS ONE},
   volume = {11},
   number = {8},
   pages = {e0160258},
   DOI = {10.1371/journal.pone.0160258},
   url = {https://doi.org/10.1371/journal.pone.0160258},
   year = {2016},
   type = {Journal Article}
}

@article{Andrews_2013,
   author = {Andrews, B. and Carroll, J. and Ding, S. and Fearnley, I. M. and Walker, J. E.},
   title = {Assembly factors for the membrane arm of human complex I},
   journal = {Proc Natl Acad Sci U S A},
   volume = {110},
   number = {47},
   pages = {18934-9},
   ISSN = {1091-6490 (Electronic)
0027-8424 (Linking)},
   DOI = {10.1073/pnas.1319247110},
   url = {https://www.ncbi.nlm.nih.gov/pubmed/24191001},
   year = {2013},
   type = {Journal Article}
}

@article{Angerer_2014,
   author = {Angerer, H. and Radermacher, M. and Mankowska, M. and Steger, M. and Zwicker, K. and Heide, H. and Wittig, I. and Brandt, U. and Zickermann, V.},
   title = {The LYR protein subunit NB4M/NDUFA6 of mitochondrial complex I anchors an acyl carrier protein and is essential for catalytic activity},
   journal = {Proc Natl Acad Sci U S A},
   volume = {111},
   number = {14},
   pages = {5207-12},
   ISSN = {1091-6490 (Electronic)
0027-8424 (Linking)},
   DOI = {10.1073/pnas.1322438111},
   url = {https://www.ncbi.nlm.nih.gov/pubmed/24706851},
   year = {2014},
   type = {Journal Article}
}

@article{Ashburner_2000,
   author = {Ashburner, M. and Ball, C. A. and Blake, J. A. and Botstein, D. and Butler, H. and Cherry, J. M. and Davis, A. P. and Dolinski, K. and Dwight, S. S. and Eppig, J. T. and Harris, M. A. and Hill, D. P. and Issel-Tarver, L. and Kasarskis, A. and Lewis, S. and Matese, J. C. and Richardson, J. E. and Ringwald, M. and Rubin, G. M. and Sherlock, G. and Consortium, Gene Ontology},
   title = {Gene Ontology: tool for the unification of biology},
   journal = {Nature Genetics},
   volume = {25},
   number = {supp 1},
   pages = {25-29},
   ISSN = {1061-4036},
   DOI = {Doi 10.1038/75556},
   url = {<Go to ISI>://WOS:000086884000011},
   year = {2000},
   type = {Journal Article}
}

@article{Aurrecoechea_2009,
   author = {Aurrecoechea, Cristina and Brestelli, John and Brunk, Brian P and Dommer, Jennifer and Fischer, Steve and Gajria, Bindu and Gao, Xin and Gingle, Alan and Grant, Greg and Harb, Omar S},
   title = {PlasmoDB: a functional genomic database for malaria parasites},
   journal = {Nucleic acids research},
   volume = {37},
   number = {supp\_1},
   pages = {D539-D543},
   ISSN = {1362-4962},
   year = {2009},
   type = {Journal Article}
}

@article{Baek_2021,
   author = {Baek, M. and DiMaio, F. and Anishchenko, I. and Dauparas, J. and Ovchinnikov, S. and Lee, G. R. and Wang, J. and Cong, Q. and Kinch, L. N. and Schaeffer, R. D. and Millan, C. and Park, H. and Adams, C. and Glassman, C. R. and DeGiovanni, A. and Pereira, J. H. and Rodrigues, A. V. and van Dijk, A. A. and Ebrecht, A. C. and Opperman, D. J. and Sagmeister, T. and Buhlheller, C. and Pavkov-Keller, T. and Rathinaswamy, M. K. and Dalwadi, U. and Yip, C. K. and Burke, J. E. and Garcia, K. C. and Grishin, N. V. and Adams, P. D. and Read, R. J. and Baker, D.},
   title = {Accurate prediction of protein structures and interactions using a three-track neural network},
   journal = {Science},
   volume = {373},
   number = {6557},
   pages = {871-+},
   ISSN = {0036-8075},
   DOI = {10.1126/science.abj8754},
   url = {<Go to ISI>://WOS:000686562400029},
   year = {2021},
   type = {Journal Article}
}

@article{Bludau_2020,
   author = {Bludau, I. and Heusel, M. and Frank, M. and Rosenberger, G. and Hafen, R. and Banaei-Esfahani, A. and van Drogen, A. and Collins, B. C. and Gstaiger, M. and Aebersold, R.},
   title = {Complex-centric proteome profiling by SEC-SWATH-MS for the parallel detection of hundreds of protein complexes},
   journal = {Nat Protoc},
   volume = {15},
   number = {8},
   pages = {2341-2386},
   ISSN = {1750-2799 (Electronic)
1750-2799 (Linking)},
   DOI = {10.1038/s41596-020-0332-6},
   url = {https://www.ncbi.nlm.nih.gov/pubmed/32690956},
   year = {2020},
   type = {Journal Article}
}

@article{Bock_2021,
   author = {Bock, T. and Turk, C. and Aravamudhan, S. and Keufgens, L. and Bloch, W. and Rozsivalova, D. H. and Romanello, V. and Nogara, L. and Blaauw, B. and Trifunovic, A. and Braun, T. and Kruger, M.},
   title = {PERM1 interacts with the MICOS-MIB complex to connect the mitochondria and sarcolemma via ankyrin B},
   journal = {Nat Commun},
   volume = {12},
   number = {1},
   pages = {4900},
   ISSN = {2041-1723 (Electronic)
2041-1723 (Linking)},
   DOI = {10.1038/s41467-021-25185-3},
   url = {https://www.ncbi.nlm.nih.gov/pubmed/34385433},
   year = {2021},
   type = {Journal Article}
}

@article{Bridges_2017,
   author = {Bridges, H. R. and Mohammed, K. and Harbour, M. E. and Hirst, J.},
   title = {Subunit NDUFV3 is present in two distinct isoforms in mammalian complex I},
   journal = {Biochim Biophys Acta Bioenerg},
   volume = {1858},
   number = {3},
   pages = {197-207},
   ISSN = {0005-2728 (Print)
0005-2728 (Linking)},
   DOI = {10.1016/j.bbabio.2016.12.001},
   url = {https://www.ncbi.nlm.nih.gov/pubmed/27940020},
   year = {2017},
   type = {Journal Article}
}

@article{Bullock_2018,
   author = {Bullock, J. M. A. and Sen, N. and Thalassinos, K. and Topf, M.},
   title = {Modeling Protein Complexes Using Restraints from Crosslinking Mass Spectrometry},
   journal = {Structure},
   volume = {26},
   number = {7},
   pages = {1015-+},
   ISSN = {0969-2126},
   DOI = {10.1016/j.str.2018.04.016},
   url = {<Go to ISI>://WOS:000437809100011},
   year = {2018},
   type = {Journal Article}
}

@article{Burgess_2018,
   author = {Burgess, R. R.},
   title = {A brief practical review of size exclusion chromatography: Rules of thumb, limitations, and troubleshooting},
   journal = {Protein Expr Purif},
   volume = {150},
   pages = {81-85},
   ISSN = {1096-0279 (Electronic)
1046-5928 (Linking)},
   DOI = {10.1016/j.pep.2018.05.007},
   url = {https://www.ncbi.nlm.nih.gov/pubmed/29777748},
   year = {2018},
   type = {Journal Article}
}

@article{Burke_2021,
   author = {Burke, David F. and Bryant, Patrick and Barrio-Hernandez, Inigo and Memon, Danish and Pozzati, Gabriele and Shenoy, Aditi and Zhu, Wensi and Dunham, Alistair S and Albanese, Pascal and Keller, Andrew and Scheltema, Richard A. and Bruce, James E. and Leitner, Alexander and Kundrotas, Petras and Beltrao, Pedro and Elofsson, Arne},
   title = {Towards a structurally resolved human protein interaction network},
   journal = {bioRxiv},
   year = {2021},
   type = {Journal Article}
}

@article{Burley_2021,
   author = {Burley, S. K. and Bhikadiya, C. and Bi, C. and Bittrich, S. and Chen, L. and Crichlow, G. V. and Christie, C. H. and Dalenberg, K. and Di Costanzo, L. and Duarte, J. M. and Dutta, S. and Feng, Z. and Ganesan, S. and Goodsell, D. S. and Ghosh, S. and Green, R. K. and Guranovic, V. and Guzenko, D. and Hudson, B. P. and Lawson, C. L. and Liang, Y. and Lowe, R. and Namkoong, H. and Peisach, E. and Persikova, I. and Randle, C. and Rose, A. and Rose, Y. and Sali, A. and Segura, J. and Sekharan, M. and Shao, C. and Tao, Y. P. and Voigt, M. and Westbrook, J. D. and Young, J. Y. and Zardecki, C. and Zhuravleva, M.},
   title = {RCSB Protein Data Bank: powerful new tools for exploring 3D structures of biological macromolecules for basic and applied research and education in fundamental biology, biomedicine, biotechnology, bioengineering and energy sciences},
   journal = {Nucleic Acids Res},
   volume = {49},
   number = {D1},
   pages = {D437-D451},
   ISSN = {1362-4962 (Electronic)
0305-1048 (Linking)},
   DOI = {10.1093/nar/gkaa1038},
   url = {https://www.ncbi.nlm.nih.gov/pubmed/33211854},
   year = {2021},
   type = {Journal Article}
}

@article{Cabrera-Orefice_2022,
   author = {Cabrera-Orefice, A. and Potter, A. and Evers, F. and Hevler, J. F. and Guerrero-Castillo, S.},
   title = {Complexome Profiling-Exploring Mitochondrial Protein Complexes in Health and Disease},
   journal = {Frontiers in Cell and Developmental Biology},
   volume = {9},
   ISSN = {2296-634x},
   DOI = {ARTN 796128
10.3389/fcell.2021.796128},
   url = {<Go to ISI>://WOS:000747915500001},
   year = {2022},
   type = {Journal Article}
}

@article{Calvo_2020,
   author = {Calvo, E. and Cogliati, S. and Hernansanz-Agustin, P. and Loureiro-Lopez, M. and Guaras, A. and Casuso, R. A. and Garcia-Marques, F. and Acin-Perez, R. and Marti-Mateos, Y. and Silla-Castro, J. C. and Carro-Alvarellos, M. and Huertas, J. R. and Vazquez, J. and Enriquez, J. A.},
   title = {Functional role of respiratory supercomplexes in mice: SCAF1 relevance and segmentation of the Qpool},
   journal = {Sci Adv},
   volume = {6},
   number = {26},
   pages = {eaba7509},
   ISSN = {2375-2548 (Electronic)
2375-2548 (Linking)},
   DOI = {10.1126/sciadv.aba7509},
   url = {https://www.ncbi.nlm.nih.gov/pubmed/32637615},
   year = {2020},
   type = {Journal Article}
}

@article{Campbell_2009,
   author = {Campbell, J. L. and Hager, J. W. and Le Blanc, J. C. Y.},
   title = {On Performing Simultaneous Electron Transfer Dissociation and Collision-Induced Dissociation on Multiply Protonated Peptides in a Linear Ion Trap},
   journal = {Journal of the American Society for Mass Spectrometry},
   volume = {20},
   number = {9},
   pages = {1672-1683},
   ISSN = {1044-0305},
   DOI = {10.1016/j.jasms.2009.05.009},
   url = {<Go to ISI>://WOS:000270836800010},
   year = {2009},
   type = {Journal Article}
}

@article{Cate_1999,
   author = {Cate, J. H. and Yusupov, M. M. and Yusupova, G. Z. and Earnest, T. N. and Noller, H. F.},
   title = {X-ray crystal structures of 70S ribosome functional complexes},
   journal = {Science},
   volume = {285},
   number = {5436},
   pages = {2095-104},
   ISSN = {0036-8075 (Print)
0036-8075 (Linking)},
   DOI = {10.1126/science.285.5436.2095},
   url = {https://www.ncbi.nlm.nih.gov/pubmed/10497122},
   year = {1999},
   type = {Journal Article}
}

@article{Caudron-Herger_2019,
   author = {Caudron-Herger, M. and Rusin, S. F. and Adamo, M. E. and Seiler, J. and Schmid, V. K. and Barreau, E. and Kettenbach, A. N. and Diederichs, S.},
   title = {R-DeeP: Proteome-wide and Quantitative Identification of RNA-Dependent Proteins by Density Gradient Ultracentrifugation},
   journal = {Mol Cell},
   volume = {75},
   number = {1},
   pages = {184-199 e10},
   ISSN = {1097-4164 (Electronic)
1097-2765 (Linking)},
   DOI = {10.1016/j.molcel.2019.04.018},
   url = {https://www.ncbi.nlm.nih.gov/pubmed/31076284},
   year = {2019},
   type = {Journal Article}
}

@article{Cerofolini_2019,
   author = {Cerofolini, L. and Fragai, M. and Ravera, E. and Diebolder, C. A. and Renault, L. and Calderone, V.},
   title = {Integrative Approaches in Structural Biology: A More Complete Picture from the Combination of Individual Techniques},
   journal = {Biomolecules},
   volume = {9},
   number = {8},
   ISSN = {2218-273X (Electronic)
2218-273X (Linking)},
   DOI = {10.3390/biom9080370},
   url = {https://www.ncbi.nlm.nih.gov/pubmed/31416261},
   year = {2019},
   type = {Journal Article}
}

@article{Ceulemans_2006,
   author = {Ceulemans, H. and Beke, L. and Bollen, M.},
   title = {Approaches to defining the ancestral eukaryotic protein complexome},
   journal = {Bioessays},
   volume = {28},
   number = {3},
   pages = {316-24},
   ISSN = {0265-9247 (Print)
0265-9247 (Linking)},
   DOI = {10.1002/bies.20373},
   url = {https://www.ncbi.nlm.nih.gov/pubmed/16479579},
   year = {2006},
   type = {Journal Article}
}

@article{Chalkley_2005,
   author = {Chalkley, R. J. and Baker, P. R. and Huang, L. and Hansen, K. C. and Allen, N. P. and Rexach, M. and Burlingame, A. L.},
   title = {Comprehensive analysis of a multidimensional liquid chromatography mass spectrometry dataset acquired on a quadrupole selecting, quadrupole collision cell, time-of-flight mass spectrometer: II. New developments in Protein Prospector allow for reliable and comprehensive automatic analysis of large datasets},
   journal = {Mol Cell Proteomics},
   volume = {4},
   number = {8},
   pages = {1194-204},
   ISSN = {1535-9476 (Print)
1535-9476 (Linking)},
   DOI = {10.1074/mcp.D500002-MCP200},
   url = {https://www.ncbi.nlm.nih.gov/pubmed/15937296},
   year = {2005},
   type = {Journal Article}
}

@article{Chen_2019a,
   author = {Chen, Z. A. and Rappsilber, J.},
   title = {Quantitative cross-linking/mass spectrometry to elucidate structural changes in proteins and their complexes},
   journal = {Nature Protocols},
   volume = {14},
   number = {1},
   pages = {171-201},
   ISSN = {1754-2189},
   DOI = {10.1038/s41596-018-0089-3},
   url = {<Go to ISI>://WOS:000457108200009},
   year = {2019},
   type = {Journal Article}
}

@article{Chen_2019b,
   author = {Chen, Z. L. and Meng, J. M. and Cao, Y. and Yin, J. L. and Fang, R. Q. and Fan, S. B. and Liu, C. and Zeng, W. F. and Ding, Y. H. and Tan, D. and Wu, L. and Zhou, W. J. and Chi, H. and Sun, R. X. and Dong, M. Q. and He, S. M.},
   title = {A high-speed search engine pLink 2 with systematic evaluation for proteome-scale identification of cross-linked peptides},
   journal = {Nature Communications},
   volume = {10},
   ISSN = {2041-1723},
   DOI = {ARTN 3404
10.1038/s41467-019-11337-z},
   url = {<Go to ISI>://WOS:000477860700010},
   year = {2019},
   type = {Journal Article}
}

@article{Clegg_1974,
   author = {Clegg, C. and Hayes, D.},
   title = {Identification of neighbouring proteins in the ribosomes of Escherichia coli. A topographical study with the cross-linking reagent dimethyl suberimidate},
   journal = {Eur J Biochem},
   volume = {42},
   number = {1},
   pages = {21-8},
   ISSN = {0014-2956 (Print)
0014-2956 (Linking)},
   DOI = {10.1111/j.1432-1033.1974.tb03309.x},
   url = {https://www.ncbi.nlm.nih.gov/pubmed/4598101},
   year = {1974},
   type = {Journal Article}
}

@article{Cogliati_2016,
   author = {Cogliati, Sara and Enriquez, Jose A. and Scorrano, Luca},
   title = {Mitochondrial Cristae: Where Beauty Meets Functionality},
   journal = {Trends in Biochemical Sciences},
   volume = {41},
   number = {3},
   pages = {261-273},
   ISSN = {0968-0004},
   DOI = {10.1016/j.tibs.2016.01.001},
   url = {https://doi.org/10.1016/j.tibs.2016.01.001},
   year = {2016},
   type = {Journal Article}
}

@article{Cole_2008,
   author = {Cole, J. L. and Lary, J. W. and T, P. Moody and Laue, T. M.},
   title = {Analytical ultracentrifugation: sedimentation velocity and sedimentation equilibrium},
   journal = {Methods Cell Biol},
   volume = {84},
   pages = {143-79},
   ISSN = {0091-679X (Print)
0091-679X (Linking)},
   DOI = {10.1016/S0091-679X(07)84006-4},
   url = {https://www.ncbi.nlm.nih.gov/pubmed/17964931},
   year = {2008},
   type = {Journal Article}
}

@article{Connelly_2018,
   author = {Connelly, K. E. and Hedrick, V. and Paschoal Sobreira, T. J. and Dykhuizen, E. C. and Aryal, U. K.},
   title = {Analysis of Human Nuclear Protein Complexes by Quantitative Mass Spectrometry Profiling},
   journal = {Proteomics},
   volume = {18},
   number = {11},
   pages = {e1700427},
   ISSN = {1615-9861 (Electronic)
1615-9853 (Linking)},
   DOI = {10.1002/pmic.201700427},
   url = {https://www.ncbi.nlm.nih.gov/pubmed/29655301},
   year = {2018},
   type = {Journal Article}
}

@article{Coordinators_2016,
   author = {Coordinators, Ncbi Resource},
   title = {Database resources of the National Center for Biotechnology Information},
   journal = {Nucleic Acids Res},
   volume = {44},
   number = {D1},
   pages = {D7-19},
   ISSN = {1362-4962 (Electronic)
0305-1048 (Linking)},
   DOI = {10.1093/nar/gkv1290},
   url = {https://www.ncbi.nlm.nih.gov/pubmed/26615191},
   year = {2016},
   type = {Journal Article}
}

@article{Costanzo_2016,
   author = {Costanzo, M. and VanderSluis, B. and Koch, E. N. and Baryshnikova, A. and Pons, C. and Tan, G. H. and Wang, W. and Usaj, M. and Hanchard, J. and Lee, S. D. and Pelechano, V. and Styles, E. B. and Billmann, M. and van Leeuwen, J. and van Dyk, N. and Lin, Z. Y. and Kuzmin, E. and Nelson, J. and Piotrowski, J. S. and Srikumar, T. and Bahr, S. and Chen, Y. Q. and Deshpande, R. and Kurat, C. F. and Li, S. C. and Li, Z. J. and Usaj, M. M. and Okada, H. and Pascoe, N. and San Luis, B. J. and Sharifpoor, S. and Shuteriqi, E. and Simpkins, S. W. and Snider, J. and Suresh, H. G. and Tan, Y. Z. and Zhu, H. W. and Malod-Dognin, N. and Janjic, V. and Przulj, N. and Troyanskaya, O. G. and Stagljar, I. and Xia, T. and Ohya, Y. and Gingras, A. C. and Raught, B. and Boutros, M. and Steinmetz, L. M. and Moore, C. L. and Rosebrock, A. P. and Caudy, A. A. and Myers, C. L. and Andrews, B. and Boone, C.},
   title = {A global genetic interaction network maps a wiring diagram of cellular function},
   journal = {Science},
   volume = {353},
   number = {6306},
   ISSN = {0036-8075},
   DOI = {ARTN aaf1420
10.1126/science.aaf1420},
   url = {<Go to ISI>://WOS:000383708700030},
   year = {2016},
   type = {Journal Article}
}

@article{Cox_2014,
   author = {Cox, J. and Hein, M. Y. and Luber, C. A. and Paron, I. and Nagaraj, N. and Mann, M.},
   title = {Accurate proteome-wide label-free quantification by delayed normalization and maximal peptide ratio extraction, termed MaxLFQ},
   journal = {Mol Cell Proteomics},
   volume = {13},
   number = {9},
   pages = {2513-26},
   ISSN = {1535-9484 (Electronic)
1535-9476 (Linking)},
   DOI = {10.1074/mcp.M113.031591},
   url = {https://www.ncbi.nlm.nih.gov/pubmed/24942700},
   year = {2014},
   type = {Journal Article}
}

@article{Davies_2014,
   author = {Davies, K. M. and Daum, B. and Gold, V. A. and Muhleip, A. W. and Brandt, T. and Blum, T. B. and Mills, D. J. and Kuhlbrandt, W.},
   title = {Visualization of ATP synthase dimers in mitochondria by electron cryo-tomography},
   journal = {J Vis Exp},
   number = {91},
   pages = {51228},
   ISSN = {1940-087X (Electronic)
1940-087X (Linking)},
   DOI = {10.3791/51228},
   url = {https://www.ncbi.nlm.nih.gov/pubmed/25285856},
   year = {2014},
   type = {Journal Article}
}

@article{De_Las_Rivas_2010,
   author = {De Las Rivas, J. and Fontanillo, C.},
   title = {Protein-protein interactions essentials: key concepts to building and analyzing interactome networks},
   journal = {PLoS Comput Biol},
   volume = {6},
   number = {6},
   pages = {e1000807},
   ISSN = {1553-7358 (Electronic)
1553-734X (Linking)},
   DOI = {10.1371/journal.pcbi.1000807},
   url = {https://www.ncbi.nlm.nih.gov/pubmed/20589078},
   year = {2010},
   type = {Journal Article}
}

@article{Deshaies_2002,
   author = {Deshaies, R. J. and Seol, J. H. and McDonald, W. H. and Cope, G. and Lyapina, S. and Shevchenko, A. and Shevchenko, A. and Verma, R. and Yates, J. R., 3rd},
   title = {Charting the protein complexome in yeast by mass spectrometry},
   journal = {Mol Cell Proteomics},
   volume = {1},
   number = {1},
   pages = {3-10},
   ISSN = {1535-9476 (Print)
1535-9476 (Linking)},
   DOI = {10.1074/mcp.r100001-mcp200},
   url = {https://www.ncbi.nlm.nih.gov/pubmed/12096135},
   year = {2002},
   type = {Journal Article}
}

@article{Doerr_2017,
   author = {Doerr, A.},
   title = {Cryo-electron tomography},
   journal = {Nature Methods},
   volume = {14},
   number = {1},
   pages = {34-34},
   ISSN = {1548-7091},
   DOI = {DOI 10.1038/nmeth.4115},
   url = {<Go to ISI>://WOS:000391162300016},
   year = {2017},
   type = {Journal Article}
}

@article{Dominguez_2003,
   author = {Dominguez, C. and Boelens, R. and Bonvin, A. M. J. J.},
   title = {HADDOCK: A protein-protein docking approach based on biochemical or biophysical information},
   journal = {Journal of the American Chemical Society},
   volume = {125},
   number = {7},
   pages = {1731-1737},
   ISSN = {0002-7863},
   DOI = {10.1021/ja026939x},
   url = {<Go to ISI>://WOS:000181088000022},
   year = {2003},
   type = {Journal Article}
}

@article{Dunstone_2017,
   author = {Dunstone, M. A. and de Marco, A.},
   title = {Cryo-electron tomography: an ideal method to study membrane-associated proteins},
   journal = {Philos Trans R Soc Lond B Biol Sci},
   volume = {372},
   number = {1726},
   ISSN = {1471-2970 (Electronic)
0962-8436 (Linking)},
   DOI = {10.1098/rstb.2016.0210},
   url = {https://www.ncbi.nlm.nih.gov/pubmed/28630150},
   year = {2017},
   type = {Journal Article}
}

@article{Englmeier_2019,
   author = {Englmeier, R. and Forster, F.},
   title = {Cryo-electron tomography for the structural study of mitochondrial translation},
   journal = {Tissue Cell},
   volume = {57},
   pages = {129-138},
   ISSN = {1532-3072 (Electronic)
0040-8166 (Linking)},
   DOI = {10.1016/j.tice.2018.08.009},
   url = {https://www.ncbi.nlm.nih.gov/pubmed/30197222},
   year = {2019},
   type = {Journal Article}
}

@article{Eubel_2005,
   author = {Eubel, H. and Braun, H. P. and Millar, A. H.},
   title = {Blue-native PAGE in plants: a tool in analysis of protein-protein interactions},
   journal = {Plant Methods},
   volume = {1},
   number = {1},
   pages = {11},
   ISSN = {1746-4811 (Electronic)
1746-4811 (Linking)},
   DOI = {10.1186/1746-4811-1-11},
   url = {https://www.ncbi.nlm.nih.gov/pubmed/16287510},
   year = {2005},
   type = {Journal Article}
}

@article{Evers_2021,
   author = {Evers, F. and Cabrera-Orefice, A. and Elurbe, D. M. and Kea-Te Lindert, M. and Boltryk, S. D. and Voss, T. S. and Huynen, M. A. and Brandt, U. and Kooij, T. W. A.},
   title = {Composition and stage dynamics of mitochondrial complexes in Plasmodium falciparum},
   journal = {Nat Commun},
   volume = {12},
   number = {1},
   pages = {3820},
   ISSN = {2041-1723 (Electronic)
2041-1723 (Linking)},
   DOI = {10.1038/s41467-021-23919-x},
   url = {https://www.ncbi.nlm.nih.gov/pubmed/34155201},
   year = {2021},
   type = {Journal Article}
}

@article{Eydt_2017,
   author = {Eydt, Katharina and Davies, Karen M. and Behrendt, Christina and Wittig, Ilka and Reichert, Andreas S.},
   title = {Cristae architecture is determined by an interplay of the MICOS complex and the F(1)F(O) ATP synthase via Mic27 and Mic10},
   journal = {Microbial cell (Graz, Austria)},
   volume = {4},
   number = {8},
   pages = {259-272},
   ISSN = {2311-2638},
   DOI = {10.15698/mic2017.08.585},
   url = {https://pubmed.ncbi.nlm.nih.gov/28845423
https://www.ncbi.nlm.nih.gov/pmc/articles/PMC5568431/},
   year = {2017},
   type = {Journal Article}
}

@article{Fabre_2014,
   author = {Fabre, Bertrand and Lambour, Thomas and Bouyssié, David and Menneteau, Thomas and Monsarrat, Bernard and Burlet-Schiltz, Odile and Bousquet-Dubouch, Marie-Pierre},
   title = {Comparison of label-free quantification methods for the determination of protein complexes subunits stoichiometry},
   journal = {EuPA Open Proteomics},
   volume = {4},
   pages = {82-86},
   ISSN = {22129685},
   DOI = {10.1016/j.euprot.2014.06.001},
   year = {2014},
   type = {Journal Article}
}

@article{Fasci_2018,
   author = {Fasci, D. and van Ingen, H. and Scheltema, R. A. and Heck, A. J. R.},
   title = {Histone Interaction Landscapes Visualized by Crosslinking Mass Spectrometry in Intact Cell Nuclei},
   journal = {Molecular \& Cellular Proteomics},
   volume = {17},
   number = {10},
   pages = {2018-2033},
   ISSN = {1535-9476},
   DOI = {10.1074/mcp.RA118.000924},
   url = {<Go to ISI>://WOS:000445997400011},
   year = {2018},
   type = {Journal Article}
}

@article{Fenn_1989,
   author = {Fenn, J. B. and Mann, M. and Meng, C. K. and Wong, S. F. and Whitehouse, C. M.},
   title = {Electrospray Ionization for Mass-Spectrometry of Large Biomolecules},
   journal = {Science},
   volume = {246},
   number = {4926},
   pages = {64-71},
   ISSN = {0036-8075},
   DOI = {DOI 10.1126/science.2675315},
   url = {<Go to ISI>://WOS:A1989AT60700031},
   year = {1989},
   type = {Journal Article}
}

@article{Fernández-Vizarra_2021,
   author = {Fernández-Vizarra, E. and López-Calcerrada, S. and Formosa, L. E. and Pérez-Pérez, R. and Ding, S. and Fearnley, I. M. and Arenas, J. and Martín, M. A. and Zeviani, M. and Ryan, M. T. and Ugalde, C.},
   title = {SILAC-based complexome profiling dissects the structural organization of the human respiratory supercomplexes in SCAFI},
   journal = {Biochim Biophys Acta Bioenerg},
   volume = {1862},
   number = {7},
   pages = {148414},
   ISSN = {1879-2650},
   DOI = {10.1016/j.bbabio.2021.148414},
   url = {https://www.ncbi.nlm.nih.gov/pubmed/33727070},
   year = {2021},
   type = {Journal Article}
}

@article{Fischer_2022,
   author = {Fischer, Elyse S. and Yu, Conny W.H. and Hevler, Johannes F. and McLaughlin, Stephen H. and Maslen, Sarah L. and Heck, Albert J.R. and Freund, Stefan M.V. and Barford, David},
   title = {Juxtaposition of Bub1 and Cdc20 on phosphorylated Mad1 during catalytic mitotic checkpoint complex assembly},
   journal = {Nat Commun},
   volume = {13},
   number = {1},
   pages = {6381},
   ISSN = {2041-1723 (Electronic)
2041-1723 (Linking)},
   DOI = {10.1038/s41467-022-34058-2},
   url = {https://www.ncbi.nlm.nih.gov/pubmed/36289199},
   year = {2022},
   type = {Journal Article}
}

@article{Formosa_2020,
   author = {Formosa, L. E. and Muellner-Wong, L. and Reljic, B. and Sharpe, A. J. and Jackson, T. D. and Beilharz, T. H. and Stojanovski, D. and Lazarou, M. and Stroud, D. A. and Ryan, M. T.},
   title = {Dissecting the Roles of Mitochondrial Complex I Intermediate Assembly Complex Factors in the Biogenesis of Complex I},
   journal = {Cell Rep},
   volume = {31},
   number = {3},
   pages = {107541},
   ISSN = {2211-1247 (Electronic)},
   DOI = {10.1016/j.celrep.2020.107541},
   url = {https://www.ncbi.nlm.nih.gov/pubmed/32320651},
   year = {2020},
   type = {Journal Article}
}

@article{French_1945,
   author = {French, D. and Edsall, J. T.},
   title = {The Reactions of Formaldehyde with Amino Acids and Proteins},
   journal = {Advances in Protein Chemistry},
   volume = {2},
   pages = {277-335},
   ISSN = {0065-3233},
   DOI = {Doi 10.1016/S0065-3233(08)60627-0},
   url = {<Go to ISI>://WOS:A1945UM03400008},
   year = {1945},
   type = {Journal Article}
}

@article{Frese_2012,
   author = {Frese, C. K. and Altelaar, A. F. M. and van den Toorn, H. and Nolting, D. and Griep-Raming, J. and Heck, A. J. R. and Mohammed, S.},
   title = {Toward Full Peptide Sequence Coverage by Dual Fragmentation Combining Electron-Transfer and Higher-Energy Collision Dissociation Tandem Mass Spectrometry},
   journal = {Analytical Chemistry},
   volume = {84},
   number = {22},
   pages = {9668-9673},
   ISSN = {0003-2700},
   DOI = {10.1021/ac3025366},
   url = {<Go to ISI>://WOS:000312434800003},
   year = {2012},
   type = {Journal Article}
}

@article{Geiger_2011,
   author = {Geiger, T. and Wisniewski, J. R. and Cox, J. and Zanivan, S. and Kruger, M. and Ishihama, Y. and Mann, M.},
   title = {Use of stable isotope labeling by amino acids in cell culture as a spike-in standard in quantitative proteomics},
   journal = {Nat Protoc},
   volume = {6},
   number = {2},
   pages = {147-57},
   ISSN = {1750-2799 (Electronic)
1750-2799 (Linking)},
   DOI = {10.1038/nprot.2010.192},
   url = {https://www.ncbi.nlm.nih.gov/pubmed/21293456},
   year = {2011},
   type = {Journal Article}
}

@article{Giese_2015,
   author = {Giese, H. and Ackermann, J. and Heide, H. and Bleier, L. and Drose, S. and Wittig, I. and Brandt, U. and Koch, I.},
   title = {NOVA: a software to analyze complexome profiling data},
   journal = {Bioinformatics},
   volume = {31},
   number = {3},
   pages = {440-1},
   ISSN = {1367-4811 (Electronic)
1367-4803 (Linking)},
   DOI = {10.1093/bioinformatics/btu623},
   url = {https://www.ncbi.nlm.nih.gov/pubmed/25301849},
   year = {2015},
   type = {Journal Article}
}

@article{Giese_2021,
   author = {Giese, H. and Meisterknecht, J. and Heidler, J. and Wittig, I.},
   title = {Mitochondrial Complexome Profiling},
   journal = {Methods Mol Biol},
   volume = {2192},
   pages = {269-285},
   ISSN = {1940-6029 (Electronic)
1064-3745 (Linking)},
   DOI = {10.1007/978-1-0716-0834-0_19},
   url = {https://www.ncbi.nlm.nih.gov/pubmed/33230779},
   year = {2021},
   type = {Journal Article}
}

@article{Gillet_2012,
   author = {Gillet, L. C. and Navarro, P. and Tate, S. and Rost, H. and Selevsek, N. and Reiter, L. and Bonner, R. and Aebersold, R.},
   title = {Targeted data extraction of the MS/MS spectra generated by data-independent acquisition: a new concept for consistent and accurate proteome analysis},
   journal = {Mol Cell Proteomics},
   volume = {11},
   number = {6},
   pages = {O111 016717},
   ISSN = {1535-9484 (Electronic)
1535-9476 (Linking)},
   DOI = {10.1074/mcp.O111.016717},
   url = {https://www.ncbi.nlm.nih.gov/pubmed/22261725},
   year = {2012},
   type = {Journal Article}
}

@article{Giurgiu_2019,
   author = {Giurgiu, M. and Reinhard, J. and Brauner, B. and Dunger-Kaltenbach, I. and Fobo, G. and Frishman, G. and Montrone, C. and Ruepp, A.},
   title = {CORUM: the comprehensive resource of mammalian protein complexes-2019},
   journal = {Nucleic Acids Res},
   volume = {47},
   number = {D1},
   pages = {D559-D563},
   ISSN = {1362-4962 (Electronic)
0305-1048 (Linking)},
   DOI = {10.1093/nar/gky973},
   url = {https://www.ncbi.nlm.nih.gov/pubmed/30357367},
   year = {2019},
   type = {Journal Article}
}

@article{Gotze_2015,
   author = {Gotze, M. and Pettelkau, J. and Fritzsche, R. and Ihling, C. H. and Schafer, M. and Sinz, A.},
   title = {Automated Assignment of MS/MS Cleavable Cross-Links in Protein 3D-Structure Analysis},
   journal = {Journal of the American Society for Mass Spectrometry},
   volume = {26},
   number = {1},
   pages = {83-97},
   ISSN = {1044-0305},
   DOI = {10.1007/s13361-014-1001-1},
   url = {<Go to ISI>://WOS:000346859200011},
   year = {2015},
   type = {Journal Article}
}

@article{Gotze_2012,
   author = {Gotze, M. and Pettelkau, J. and Schaks, S. and Bosse, K. and Ihling, C. H. and Krauth, F. and Fritzsche, R. and Kuhn, U. and Sinz, A.},
   title = {StavroX-A Software for Analyzing Crosslinked Products in Protein Interaction Studies},
   journal = {Journal of the American Society for Mass Spectrometry},
   volume = {23},
   number = {1},
   pages = {76-87},
   ISSN = {1044-0305},
   DOI = {10.1007/s13361-011-0261-2},
   url = {<Go to ISI>://WOS:000302467000009},
   year = {2012},
   type = {Journal Article}
}

@article{Gotze_2021,
   author = {Gotze, M. and Sarnowski, C. P. and de Vries, T. and Knorlein, A. and Allain, F. H. T. and Hall, J. and Aebersold, R. and Leitner, A.},
   title = {Single Nucleotide Resolution RNA-Protein Cross-Linking Mass Spectrometry: A Simple Extension of the CLIR-MS Workflow},
   journal = {Analytical Chemistry},
   volume = {93},
   number = {44},
   pages = {14626-14634},
   ISSN = {0003-2700},
   DOI = {10.1021/acs.analchem.1c02384},
   url = {<Go to ISI>://WOS:000718171600008},
   year = {2021},
   type = {Journal Article}
}

@article{Guerrero-Castillo_2017a,
   author = {Guerrero-Castillo, S. and Baertling, F. and Kownatzki, D. and Wessels, H. J. and Arnold, S. and Brandt, U. and Nijtmans, L.},
   title = {The Assembly Pathway of Mitochondrial Respiratory Chain Complex I},
   journal = {Cell Metab},
   volume = {25},
   number = {1},
   pages = {128-139},
   ISSN = {1932-7420 (Electronic)
1550-4131 (Linking)},
   DOI = {10.1016/j.cmet.2016.09.002},
   url = {https://www.ncbi.nlm.nih.gov/pubmed/27720676},
   year = {2017},
   type = {Journal Article}
}

@article{Guerrero-Castillo_2017b,
   author = {Guerrero-Castillo, S. and Cabrera-Orefice, A. and Huynen, M. A. and Arnold, S.},
   title = {Identification and evolutionary analysis of tissue-specific isoforms of mitochondrial complex I subunit NDUFV3},
   journal = {Biochim Biophys Acta Bioenerg},
   volume = {1858},
   number = {3},
   pages = {208-217},
   ISSN = {0005-2728 (Print)
0005-2728 (Linking)},
   DOI = {10.1016/j.bbabio.2016.12.004},
   url = {https://www.ncbi.nlm.nih.gov/pubmed/27988283},
   year = {2017},
   type = {Journal Article}
}

@article{Harb_2020,
   author = {Harb, Omar S and Kissinger, Jessica C and Roos, David S},
   title = {ToxoDB: the functional genomic resource for Toxoplasma and related organisms},
   booktitle = {Toxoplasma gondii},
   publisher = {Elsevier},
   pages = {1021-1041},
   year = {2020},
   type = {Book Section}
}

@article{Harner_2011,
   author = {Harner, M. and Korner, C. and Walther, D. and Mokranjac, D. and Kaesmacher, J. and Welsch, U. and Griffith, J. and Mann, M. and Reggiori, F. and Neupert, W.},
   title = {The mitochondrial contact site complex, a determinant of mitochondrial architecture},
   journal = {EMBO J},
   volume = {30},
   number = {21},
   pages = {4356-70},
   ISSN = {1460-2075 (Electronic)
0261-4189 (Linking)},
   DOI = {10.1038/emboj.2011.379},
   url = {https://www.ncbi.nlm.nih.gov/pubmed/22009199},
   year = {2011},
   type = {Journal Article}
}

@article{Heide_2012,
   author = {Heide, H. and Bleier, L. and Steger, M. and Ackermann, J. and Drose, S. and Schwamb, B. and Zornig, M. and Reichert, A. S. and Koch, I. and Wittig, I. and Brandt, U.},
   title = {Complexome profiling identifies TMEM126B as a component of the mitochondrial complex I assembly complex},
   journal = {Cell Metab},
   volume = {16},
   number = {4},
   pages = {538-49},
   ISSN = {1932-7420 (Electronic)
1550-4131 (Linking)},
   DOI = {10.1016/j.cmet.2012.08.009},
   url = {https://www.ncbi.nlm.nih.gov/pubmed/22982022},
   year = {2012},
   type = {Journal Article}
}

@article{Herzog_2012,
   author = {Herzog, F. and Kahraman, A. and Boehringer, D. and Mak, R. and Bracher, A. and Walzthoeni, T. and Leitner, A. and Beck, M. and Hartl, F. U. and Ban, N. and Malmstrom, L. and Aebersold, R.},
   title = {Structural Probing of a Protein Phosphatase 2A Network by Chemical Cross-Linking and Mass Spectrometry},
   journal = {Science},
   volume = {337},
   number = {6100},
   pages = {1348-1352},
   ISSN = {0036-8075},
   DOI = {10.1126/science.1221483},
   url = {<Go to ISI>://WOS:000308705000044},
   year = {2012},
   type = {Journal Article}
}

@article{Heusel_2019,
   author = {Heusel, M. and Bludau, I. and Rosenberger, G. and Hafen, R. and Frank, M. and Banaei-Esfahani, A. and van Drogen, A. and Collins, B. C. and Gstaiger, M. and Aebersold, R.},
   title = {Complex-centric proteome profiling by SEC-SWATH-MS},
   journal = {Mol Syst Biol},
   volume = {15},
   number = {1},
   pages = {e8438},
   ISSN = {1744-4292 (Electronic)
1744-4292 (Linking)},
   DOI = {10.15252/msb.20188438},
   url = {https://www.ncbi.nlm.nih.gov/pubmed/30642884},
   year = {2019},
   type = {Journal Article}
}

@article{Hevler_2021a,
   author = {Hevler, Johannes F. and Lukassen, Marie V. and Cabrera-Orefice, Alfredo and Arnold, Susanne and Pronker, Matti F. and Franc, Vojtech and Heck, Albert J. R.},
   title = {Selective cross-linking of coinciding protein assemblies by in-gel cross-linking mass spectrometry},
   journal = {The EMBO journal},
   pages = {e106174-e106174},
   DOI = {10.15252/embj.2020106174},
   url = {<Go to ISI>://MEDLINE:33459420},
   year = {2021},
   type = {Journal Article}
}

@article{Hevler_2021b,
   author = {Hevler, J. F. and Zenezeni Chiozzi, R. and Cabrera-Orefice, A. and Brandt, U. and Arnold, S. and Heck, A. J. R.},
   title = {Molecular characterization of a complex of apoptosis-inducing factor 1 with cytochrome c oxidase of the mitochondrial respiratory chain},
   journal = {Proc Natl Acad Sci U S A},
   volume = {118},
   number = {39},
   ISSN = {1091-6490 (Electronic)
0027-8424 (Linking)},
   DOI = {10.1073/pnas.2106950118},
   url = {https://www.ncbi.nlm.nih.gov/pubmed/34548399},
   year = {2021},
   type = {Journal Article}
}

@article{Hirst_2013,
   author = {Hirst, J.},
   title = {Mitochondrial complex I},
   journal = {Annu Rev Biochem},
   volume = {82},
   pages = {551-75},
   ISSN = {1545-4509 (Electronic)
0066-4154 (Linking)},
   DOI = {10.1146/annurev-biochem-070511-103700},
   url = {https://www.ncbi.nlm.nih.gov/pubmed/23527692},
   year = {2013},
   type = {Journal Article}
}

@article{Hodgskiss_2022,
   author = {Hodgskiss, Logan H. and Melcher, Michael and Kerou, Melina and Chen, Weiqiang and Ponce-Toledo, Rafael I. and Savvides, Savvas N. and Wienkoop, Stefanie and Hartl, Markus and Schleper, Christa},
   title = {Unexpected Complexity of the Ammonia Monooxygenase in Archaea},
   journal = {bioRxiv},
   year = {2022},
   type = {Journal Article}
}

@article{Hong_2012,
   author = {Hong, P. and Koza, S. and Bouvier, E. S.},
   title = {Size-Exclusion Chromatography for the Analysis of Protein Biotherapeutics and their Aggregates},
   journal = {J Liq Chromatogr Relat Technol},
   volume = {35},
   number = {20},
   pages = {2923-2950},
   ISSN = {1082-6076 (Print)
1082-6076 (Linking)},
   DOI = {10.1080/10826076.2012.743724},
   url = {https://www.ncbi.nlm.nih.gov/pubmed/23378719},
   year = {2012},
   type = {Journal Article}
}

@article{Hoopmann_2015,
   author = {Hoopmann, M. R. and Zelter, A. and Johnson, R. S. and Riffle, M. and MacCoss, M. J. and Davis, T. N. and Moritz, R. L.},
   title = {Kojak: Efficient Analysis of Chemically Cross-Linked Protein Complexes},
   journal = {Journal of Proteome Research},
   volume = {14},
   number = {5},
   pages = {2190-2198},
   ISSN = {1535-3893},
   DOI = {10.1021/pr501321h},
   url = {<Go to ISI>://WOS:000354004700019},
   year = {2015},
   type = {Journal Article}
}

@article{Hu_2016,
   author = {Hu, A. and Noble, W. S. and Wolf-Yadlin, A.},
   title = {Technical advances in proteomics: new developments in data-independent acquisition},
   journal = {F1000Res},
   volume = {5},
   ISSN = {2046-1402 (Print)
2046-1402 (Linking)},
   DOI = {10.12688/f1000research.7042.1},
   url = {https://www.ncbi.nlm.nih.gov/pubmed/27092249},
   year = {2016},
   type = {Journal Article}
}

@article{Hu_2019,
   author = {Hu, L. Z. and Goebels, F. and Tan, J. H. and Wolf, E. and Kuzmanov, U. and Wan, C. and Phanse, S. and Xu, C. and Schertzberg, M. and Fraser, A. G. and Bader, G. D. and Emili, A.},
   title = {EPIC: software toolkit for elution profile-based inference of protein complexes},
   journal = {Nat Methods},
   volume = {16},
   number = {8},
   pages = {737-742},
   ISSN = {1548-7105 (Electronic)
1548-7091 (Linking)},
   DOI = {10.1038/s41592-019-0461-4},
   url = {https://www.ncbi.nlm.nih.gov/pubmed/31308550},
   year = {2019},
   type = {Journal Article}
}

@article{Hunt_1986,
   author = {Hunt, D. F. and Yates, J. R. and Shabanowitz, J. and Winston, S. and Hauer, C. R.},
   title = {Protein Sequencing by Tandem Mass-Spectrometry},
   journal = {Proceedings of the National Academy of Sciences of the United States of America},
   volume = {83},
   number = {17},
   pages = {6233-6237},
   ISSN = {0027-8424},
   DOI = {DOI 10.1073/pnas.83.17.6233},
   url = {<Go to ISI>://WOS:A1986D837900001},
   year = {1986},
   type = {Journal Article}
}

@article{Huttlin_2017,
   author = {Huttlin, E. L. and Bruckner, R. J. and Paulo, J. A. and Cannon, J. R. and Ting, L. and Baltier, K. and Colby, G. and Gebreab, F. and Gygi, M. P. and Parzen, H. and Szpyt, J. and Tam, S. and Zarraga, G. and Pontano-Vaites, L. and Swarup, S. and White, A. E. and Schweppe, D. K. and Rad, R. and Erickson, B. K. and Obar, R. A. and Guruharsha, K. G. and Li, K. and Artavanis-Tsakonas, S. and Gygi, S. P. and Harper, J. W.},
   title = {Architecture of the human interactome defines protein communities and disease networks},
   journal = {Nature},
   volume = {545},
   number = {7655},
   pages = {505-509},
   ISSN = {1476-4687 (Electronic)
0028-0836 (Linking)},
   DOI = {10.1038/nature22366},
   url = {https://www.ncbi.nlm.nih.gov/pubmed/28514442},
   year = {2017},
   type = {Journal Article}
}

@article{Huynen_2016,
   author = {Huynen, M. A. and Muhlmeister, M. and Gotthardt, K. and Guerrero-Castillo, S. and Brandt, U.},
   title = {Evolution and structural organization of the mitochondrial contact site (MICOS) complex and the mitochondrial intermembrane space bridging (MIB) complex},
   journal = {Biochim Biophys Acta},
   volume = {1863},
   number = {1},
   pages = {91-101},
   ISSN = {0006-3002 (Print)
0006-3002 (Linking)},
   DOI = {10.1016/j.bbamcr.2015.10.009},
   url = {https://www.ncbi.nlm.nih.gov/pubmed/26477565},
   year = {2016},
   type = {Journal Article}
}

@article{Iacobucci_2021,
   author = {Iacobucci, I. and Monaco, V. and Cozzolino, F. and Monti, M.},
   title = {From classical to new generation approaches: An excursus of -omics methods for investigation of protein-protein interaction networks},
   journal = {J Proteomics},
   volume = {230},
   pages = {103990},
   ISSN = {1876-7737 (Electronic)
1874-3919 (Linking)},
   DOI = {10.1016/j.jprot.2020.103990},
   url = {https://www.ncbi.nlm.nih.gov/pubmed/32961344},
   year = {2021},
   type = {Journal Article}
}

@article{Ihling_2020,
   author = {Ihling, C. H. and Springorum, P. and Iacobucci, C. and Hage, C. and Gotze, M. and Schafer, M. and Sinz, A.},
   title = {The Isotope-Labeled, MS-Cleavable Cross-Linker Disuccinimidyl Dibutyric Urea for Improved Cross-Linking/Mass Spectrometry Studies},
   journal = {Journal of the American Society for Mass Spectrometry},
   volume = {31},
   number = {2},
   pages = {183-189},
   ISSN = {1044-0305},
   DOI = {10.1021/jasms.9b00008},
   url = {<Go to ISI>://WOS:000516075800003},
   year = {2020},
   type = {Journal Article}
}

@article{Jumper_2021,
   author = {Jumper, J. and Evans, R. and Pritzel, A. and Green, T. and Figurnov, M. and Ronneberger, O. and Tunyasuvunakool, K. and Bates, R. and Zidek, A. and Potapenko, A. and Bridgland, A. and Meyer, C. and Kohl, S. A. A. and Ballard, A. J. and Cowie, A. and Romera-Paredes, B. and Nikolov, S. and Jain, R. and Adler, J. and Back, T. and Petersen, S. and Reiman, D. and Clancy, E. and Zielinski, M. and Steinegger, M. and Pacholska, M. and Berghammer, T. and Bodenstein, S. and Silver, D. and Vinyals, O. and Senior, A. W. and Kavukcuoglu, K. and Kohli, P. and Hassabis, D.},
   title = {Highly accurate protein structure prediction with AlphaFold},
   journal = {Nature},
   volume = {596},
   number = {7873},
   pages = {583-+},
   ISSN = {0028-0836},
   DOI = {10.1038/s41586-021-03819-2},
   url = {<Go to ISI>://WOS:000686117000001},
   year = {2021},
   type = {Journal Article}
}

@article{Kao_2011,
   author = {Kao, A. and Chiu, C. L. and Vellucci, D. and Yang, Y. and Patel, V. R. and Guan, S. and Randall, A. and Baldi, P. and Rychnovsky, S. D. and Huang, L.},
   title = {Development of a novel cross-linking strategy for fast and accurate identification of cross-linked peptides of protein complexes},
   journal = {Mol Cell Proteomics},
   volume = {10},
   number = {1},
   pages = {M110 002212},
   ISSN = {1535-9484 (Electronic)
1535-9476 (Linking)},
   DOI = {10.1074/mcp.M110.002212},
   url = {https://www.ncbi.nlm.nih.gov/pubmed/20736410},
   year = {2011},
   type = {Journal Article}
}

@article{Karas_1988,
   author = {Karas, M. and Hillenkamp, F.},
   title = {Laser Desorption Ionization of Proteins with Molecular Masses Exceeding 10000 Daltons},
   journal = {Analytical Chemistry},
   volume = {60},
   number = {20},
   pages = {2299-2301},
   ISSN = {0003-2700},
   DOI = {DOI 10.1021/ac00171a028},
   url = {<Go to ISI>://WOS:A1988Q513900029},
   year = {1988},
   type = {Journal Article}
}

@article{Kastritis_2017,
   author = {Kastritis, P. L. and O'Reilly, F. J. and Bock, T. and Li, Y. and Rogon, M. Z. and Buczak, K. and Romanov, N. and Betts, M. J. and Bui, K. H. and Hagen, W. J. and Hennrich, M. L. and Mackmull, M. T. and Rappsilber, J. and Russell, R. B. and Bork, P. and Beck, M. and Gavin, A. C.},
   title = {Capturing protein communities by structural proteomics in a thermophilic eukaryote},
   journal = {Mol Syst Biol},
   volume = {13},
   number = {7},
   pages = {936},
   ISSN = {1744-4292 (Electronic)
1744-4292 (Linking)},
   DOI = {10.15252/msb.20167412},
   url = {https://www.ncbi.nlm.nih.gov/pubmed/28743795},
   year = {2017},
   type = {Journal Article}
}

@article{Kim_2004,
   author = {Kim, D. E. and Chivian, D. and Baker, D.},
   title = {Protein structure prediction and analysis using the Robetta server},
   journal = {Nucleic Acids Res},
   volume = {32},
   number = {Web Server issue},
   pages = {W526-31},
   ISSN = {1362-4962 (Electronic)
0305-1048 (Linking)},
   DOI = {10.1093/nar/gkh468},
   url = {https://www.ncbi.nlm.nih.gov/pubmed/15215442},
   year = {2004},
   type = {Journal Article}
}

@article{Klykov_2018,
   author = {Klykov, O. and Steigenberger, B. and Pektas, S. and Fasci, D. and Heck, A. J. R. and Scheltema, R. A.},
   title = {Efficient and robust proteome-wide approaches for cross-linking mass spectrometry},
   journal = {Nature Protocols},
   volume = {13},
   number = {12},
   pages = {2964-2990},
   ISSN = {1754-2189},
   DOI = {10.1038/s41596-018-0074-x},
   url = {<Go to ISI>://WOS:000451343400012},
   year = {2018},
   type = {Journal Article}
}

@article{Kmita_2015,
   author = {Kmita, K. and Wirth, C. and Warnau, J. and Guerrero-Castillo, S. and Hunte, C. and Hummer, G. and Kaila, V. R. and Zwicker, K. and Brandt, U. and Zickermann, V.},
   title = {Accessory NUMM (NDUFS6) subunit harbors a Zn-binding site and is essential for biogenesis of mitochondrial complex I},
   journal = {Proc Natl Acad Sci U S A},
   volume = {112},
   number = {18},
   pages = {5685-90},
   ISSN = {1091-6490 (Electronic)
0027-8424 (Linking)},
   DOI = {10.1073/pnas.1424353112},
   url = {https://www.ncbi.nlm.nih.gov/pubmed/25902503},
   year = {2015},
   type = {Journal Article}
}

@article{Konig_2016,
   author = {Konig, T. and Troder, S. E. and Bakka, K. and Korwitz, A. and Richter-Dennerlein, R. and Lampe, P. A. and Patron, M. and Muhlmeister, M. and Guerrero-Castillo, S. and Brandt, U. and Decker, T. and Lauria, I. and Paggio, A. and Rizzuto, R. and Rugarli, E. I. and De Stefani, D. and Langer, T.},
   title = {The m-AAA Protease Associated with Neurodegeneration Limits MCU Activity in Mitochondria},
   journal = {Mol Cell},
   volume = {64},
   number = {1},
   pages = {148-162},
   ISSN = {1097-4164 (Electronic)
1097-2765 (Linking)},
   DOI = {10.1016/j.molcel.2016.08.020},
   url = {https://www.ncbi.nlm.nih.gov/pubmed/27642048},
   year = {2016},
   type = {Journal Article}
}

@article{Korepanova_2012,
   author = {Korepanova, A. and Matayoshi, E. D.},
   title = {HPLC-SEC characterization of membrane protein-detergent complexes},
   journal = {Curr Protoc Protein Sci},
   volume = {Chapter 29},
   pages = {Unit 29 5 1-12},
   ISSN = {1934-3663 (Electronic)
1934-3655 (Linking)},
   DOI = {10.1002/0471140864.ps2905s68},
   url = {https://www.ncbi.nlm.nih.gov/pubmed/22470129},
   year = {2012},
   type = {Journal Article}
}

@article{Krasny_2021,
   author = {Krasny, L. and Huang, P. H.},
   title = {Data-independent acquisition mass spectrometry (DIA-MS) for proteomic applications in oncology},
   journal = {Mol Omics},
   volume = {17},
   number = {1},
   pages = {29-42},
   ISSN = {2515-4184 (Electronic)
2515-4184 (Linking)},
   DOI = {10.1039/d0mo00072h},
   url = {https://www.ncbi.nlm.nih.gov/pubmed/33034323},
   year = {2021},
   type = {Journal Article}
}

@article{Krogan_2006,
   author = {Krogan, N. J. and Cagney, G. and Yu, H. Y. and Zhong, G. Q. and Guo, X. H. and Ignatchenko, A. and Li, J. and Pu, S. Y. and Datta, N. and Tikuisis, A. P. and Punna, T. and Peregrin-Alvarez, J. M. and Shales, M. and Zhang, X. and Davey, M. and Robinson, M. D. and Paccanaro, A. and Bray, J. E. and Sheung, A. and Beattie, B. and Richards, D. P. and Canadien, V. and Lalev, A. and Mena, F. and Wong, P. and Starostine, A. and Canete, M. M. and Vlasblom, J. and Wu, S. and Orsi, C. and Collins, S. R. and Chandran, S. and Haw, R. and Rilstone, J. J. and Gandi, K. and Thompson, N. J. and Musso, G. and St Onge, P. and Ghanny, S. and Lam, M. H. Y. and Butland, G. and Altaf-Ui, A. M. and Kanaya, S. and Shilatifard, A. and O'Shea, E. and Weissman, J. S. and Ingles, C. J. and Hughes, T. R. and Parkinson, J. and Gerstein, M. and Wodak, S. J. and Emili, A. and Greenblatt, J. F.},
   title = {Global landscape of protein complexes in the yeast Saccharomyces cerevisiae},
   journal = {Nature},
   volume = {440},
   number = {7084},
   pages = {637-643},
   ISSN = {0028-0836},
   DOI = {10.1038/nature04670},
   url = {<Go to ISI>://WOS:000236350400036},
   year = {2006},
   type = {Journal Article}
}

@article{Kyrilis_2021a,
   author = {Kyrilis, F. L. and Belapure, J. and Kastritis, P. L.},
   title = {Detecting Protein Communities in Native Cell Extracts by Machine Learning: A Structural Biologist's Perspective},
   journal = {Front Mol Biosci},
   volume = {8},
   pages = {660542},
   ISSN = {2296-889X (Print)
2296-889X (Linking)},
   DOI = {10.3389/fmolb.2021.660542},
   url = {https://www.ncbi.nlm.nih.gov/pubmed/33937337},
   year = {2021},
   type = {Journal Article}
}

@article{Kyrilis_2021b,
   author = {Kyrilis, F. L. and Semchonok, D. A. and Skalidis, I. and Tuting, C. and Hamdi, F. and O'Reilly, F. J. and Rappsilber, J. and Kastritis, P. L.},
   title = {Integrative structure of a 10-megadalton eukaryotic pyruvate dehydrogenase complex from native cell extracts},
   journal = {Cell Reports},
   volume = {34},
   number = {6},
   ISSN = {2211-1247},
   DOI = {ARTN 108727
10.1016/j.celrep.2021.108727},
   url = {<Go to ISI>://WOS:000617458200005},
   year = {2021},
   type = {Journal Article}
}

@article{Ladig_2011,
   author = {Ladig, R. and Sommer, M. S. and Hahn, A. and Leisegang, M. S. and Papasotiriou, D. G. and Ibrahim, M. and Elkehal, R. and Karas, M. and Zickermann, V. and Gutensohn, M. and Brandt, U. and Klosgen, R. B. and Schleiff, E.},
   title = {A high-definition native polyacrylamide gel electrophoresis system for the analysis of membrane complexes},
   journal = {Plant J},
   volume = {67},
   number = {1},
   pages = {181-94},
   ISSN = {1365-313X (Electronic)
0960-7412 (Linking)},
   DOI = {10.1111/j.1365-313X.2011.04577.x},
   url = {https://www.ncbi.nlm.nih.gov/pubmed/21418111},
   year = {2011},
   type = {Journal Article}
}

@article{Lagerwaard_2022,
   author = {Lagerwaard, Ilse M. and Albanese, Pascal and Jankevics, Andris and Scheltema, Richard A.},
   title = {Xlink Mapping and AnalySis (XMAS) - Smooth Integrative Modeling in ChimeraX},
   journal = {bioRxiv},
   year = {2022},
   type = {Journal Article}
}

@article{Lapuente-Brun_2013,
   author = {Lapuente-Brun, E. and Moreno-Loshuertos, R. and Acin-Perez, R. and Latorre-Pellicer, A. and Colas, C. and Balsa, E. and Perales-Clemente, E. and Quiros, P. M. and Calvo, E. and Rodriguez-Hernandez, M. A. and Navas, P. and Cruz, R. and Carracedo, A. and Lopez-Otin, C. and Perez-Martos, A. and Fernandez-Silva, P. and Fernandez-Vizarra, E. and Enriquez, J. A.},
   title = {Supercomplex assembly determines electron flux in the mitochondrial electron transport chain},
   journal = {Science},
   volume = {340},
   number = {6140},
   pages = {1567-70},
   ISSN = {1095-9203 (Electronic)
0036-8075 (Linking)},
   DOI = {10.1126/science.1230381},
   url = {https://www.ncbi.nlm.nih.gov/pubmed/23812712},
   year = {2013},
   type = {Journal Article}
}

@article{Lasserre_2006,
   author = {Lasserre, J. P. and Beyne, E. and Pyndiah, S. and Lapaillerie, D. and Claverol, S. and Bonneu, M.},
   title = {A complexomic study of Escherichia coli using two-dimensional blue native/SDS polyacrylamide gel electrophoresis},
   journal = {Electrophoresis},
   volume = {27},
   number = {16},
   pages = {3306-21},
   ISSN = {0173-0835 (Print)
0173-0835 (Linking)},
   DOI = {10.1002/elps.200500912},
   url = {https://www.ncbi.nlm.nih.gov/pubmed/16858726},
   year = {2006},
   type = {Journal Article}
}

@article{Lee_2013,
   author = {Lee, J. H. and Skalnik, D.},
   title = {Simple and efficient identification of chromatin modifying complexes and characterization of complex composition},
   journal = {Methods Mol Biol},
   volume = {977},
   pages = {289-98},
   ISSN = {1940-6029 (Electronic)
1064-3745 (Linking)},
   DOI = {10.1007/978-1-62703-284-1_23},
   url = {https://www.ncbi.nlm.nih.gov/pubmed/23436371},
   year = {2013},
   type = {Journal Article}
}

@article{Leitner_2014,
   author = {Leitner, A. and Joachimiak, L. A. and Unverdorben, P. and Walzthoeni, T. and Frydman, J. and Forster, F. and Aebersold, R.},
   title = {Chemical cross-linking/mass spectrometry targeting acidic residues in proteins and protein complexes},
   journal = {Proc Natl Acad Sci U S A},
   volume = {111},
   number = {26},
   pages = {9455-60},
   ISSN = {1091-6490 (Electronic)
0027-8424 (Linking)},
   DOI = {10.1073/pnas.1320298111},
   url = {https://www.ncbi.nlm.nih.gov/pubmed/24938783},
   year = {2014},
   type = {Journal Article}
}

@article{Leitner_2010,
   author = {Leitner, A. and Walzthoeni, T. and Kahraman, A. and Herzog, F. and Rinner, O. and Beck, M. and Aebersold, R.},
   title = {Probing Native Protein Structures by Chemical Cross-linking, Mass Spectrometry, and Bioinformatics},
   journal = {Molecular \& Cellular Proteomics},
   volume = {9},
   number = {8},
   pages = {1634-1649},
   ISSN = {1535-9476},
   DOI = {10.1074/mcp.R000001-MCP201},
   url = {<Go to ISI>://WOS:000280635200002},
   year = {2010},
   type = {Journal Article}
}

@article{Letts_2016,
   author = {Letts, J. A. and Fiedorczuk, K. and Sazanov, L. A.},
   title = {The architecture of respiratory supercomplexes},
   journal = {Nature},
   volume = {537},
   number = {7622},
   pages = {644-648},
   ISSN = {1476-4687 (Electronic)
0028-0836 (Linking)},
   DOI = {10.1038/nature19774},
   url = {https://www.ncbi.nlm.nih.gov/pubmed/27654913},
   year = {2016},
   type = {Journal Article}
}

@article{Liu_2018,
   author = {Liu, F. and Lossl, P. and Rabbitts, B. M. and Balaban, R. S. and Heck, A. J. R.},
   title = {The interactome of intact mitochondria by cross-linking mass spectrometry provides evidence for coexisting respiratory supercomplexes},
   journal = {Mol Cell Proteomics},
   volume = {17},
   number = {2},
   pages = {216-232},
   ISSN = {1535-9484 (Electronic)
1535-9476 (Linking)},
   DOI = {10.1074/mcp.RA117.000470},
   url = {https://www.ncbi.nlm.nih.gov/pubmed/29222160},
   year = {2018},
   type = {Journal Article}
}

@article{Liu_2017a,
   author = {Liu, F. and Lossl, P. and Scheltema, R. and Viner, R. and Heck, A. J. R.},
   title = {Optimized fragmentation schemes and data analysis strategies for proteome-wide cross-link identification},
   journal = {Nature Communications},
   volume = {8},
   ISSN = {2041-1723},
   DOI = {ARTN 15473
10.1038/ncomms15473},
   url = {<Go to ISI>://WOS:000401629700001},
   year = {2017},
   type = {Journal Article}
}

@article{Liu_2017b,
   author = {Liu, F. and Rijkers, D. T. S. and Post, H. and Heck, A. J. R.},
   title = {Proteome-wide profiling of protein assemblies by cross-linking mass spectrometry (vol 12, pg 1179, 2015)},
   journal = {Nature Methods},
   volume = {14},
   number = {5},
   pages = {539-539},
   ISSN = {1548-7091},
   DOI = {DOI 10.1038/nmeth0517-539},
   url = {<Go to ISI>://WOS:000400253800020},
   year = {2017},
   type = {Journal Article}
}

@article{Lossl_2016,
   author = {Lossl, P. and van de Waterbeemd, M. and Heck, A. J. R.},
   title = {The diverse and expanding role of mass spectrometry in structural and molecular biology},
   journal = {Embo Journal},
   volume = {35},
   number = {24},
   pages = {2634-2657},
   ISSN = {0261-4189},
   DOI = {10.15252/embj.201694818},
   url = {<Go to ISI>://WOS:000390948700006},
   year = {2016},
   type = {Journal Article}
}

@article{Low_2021,
   author = {Low, T. Y. and Syafruddin, S. E. and Mohtar, M. A. and Vellaichamy, A. and NS, A. Rahman and Pung, Y. F. and Tan, C. S. H.},
   title = {Recent progress in mass spectrometry-based strategies for elucidating protein-protein interactions},
   journal = {Cell Mol Life Sci},
   volume = {78},
   number = {13},
   pages = {5325-5339},
   ISSN = {1420-9071 (Electronic)
1420-682X (Linking)},
   DOI = {10.1007/s00018-021-03856-0},
   url = {https://www.ncbi.nlm.nih.gov/pubmed/34046695},
   year = {2021},
   type = {Journal Article}
}

@article{Lucic_2008,
   author = {Lucic, V. and Leis, A. and Baumeister, W.},
   title = {Cryo-electron tomography of cells: connecting structure and function},
   journal = {Histochem Cell Biol},
   volume = {130},
   number = {2},
   pages = {185-96},
   ISSN = {0948-6143 (Print)
0948-6143 (Linking)},
   DOI = {10.1007/s00418-008-0459-y},
   url = {https://www.ncbi.nlm.nih.gov/pubmed/18566823},
   year = {2008},
   type = {Journal Article}
}

@article{Lukassen_2021,
   author = {Lukassen, M. V. and Franc, V. and Hevler, J. F. and Heck, A. J. R.},
   title = {Similarities and differences in the structures and proteoform profiles of the complement proteins C6 and C7},
   journal = {Proteomics},
   volume = {21},
   number = {21-22},
   ISSN = {1615-9853},
   DOI = {ARTN e2000310
10.1002/pmic.202000310},
   url = {<Go to ISI>://WOS:000676126200001},
   year = {2021},
   type = {Journal Article}
}

@article{Maclean_2021,
   author = {Maclean, Andrew E. and Bridges, Hannah R. and Silva, Mariana F. and Ding, Shujing and Ovciarikova, Jana and Hirst, Judy and Sheiner, Lilach},
   title = {Complexome profile of Toxoplasma gondii mitochondria identifies divergent subunits of respiratory chain complexes including new subunits of cytochrome bc1 complex},
   journal = {PLOS Pathogens},
   volume = {17},
   number = {3},
   pages = {e1009301},
   DOI = {10.1371/journal.ppat.1009301},
   url = {https://doi.org/10.1371/journal.ppat.1009301
https://www.ncbi.nlm.nih.gov/pmc/articles/PMC7987180/pdf/ppat.1009301.pdf},
   year = {2021},
   type = {Journal Article}
}

@article{MacRae_2013,
   author = {MacRae, James I. and Dixon, Matthew W. A. and Dearnley, Megan K. and Chua, Hwa H. and Chambers, Jennifer M. and Kenny, Shannon and Bottova, Iveta and Tilley, Leann and McConville, Malcolm J.},
   title = {Mitochondrial metabolism of sexual and asexual blood stages of the malaria parasite Plasmodium falciparum},
   journal = {BMC Biology},
   volume = {11},
   number = {1},
   pages = {67},
   ISSN = {1741-7007},
   DOI = {10.1186/1741-7007-11-67},
   url = {https://doi.org/10.1186/1741-7007-11-67},
   year = {2013},
   type = {Journal Article}
}

@article{Matzinger_2020,
   author = {Matzinger, M. and Kandioller, W. and Doppler, P. and Heiss, E. H. and Mechtler, K.},
   title = {Fast and Highly Efficient Affinity Enrichment of Azide-A-DSBSO Cross-Linked Peptides},
   journal = {Journal of Proteome Research},
   volume = {19},
   number = {5},
   pages = {2071-2079},
   ISSN = {1535-3893},
   DOI = {10.1021/acs.jproteome.0c00003},
   url = {<Go to ISI>://WOS:000530084700018},
   year = {2020},
   type = {Journal Article}
}

@article{Matzinger_2022,
   author = {Matzinger, M. and Vasiu, A. and Madalinski, M. and Muller, F. and Stanek, F. and Mechtler, K.},
   title = {Mimicked synthetic ribosomal protein complex for benchmarking crosslinking mass spectrometry workflows},
   journal = {Nature Communications},
   volume = {13},
   number = {1},
   DOI = {ARTN 3975
10.1038/s41467-022-31701-w},
   url = {<Go to ISI>://WOS:000825867200033},
   year = {2022},
   type = {Journal Article}
}

@article{McCafferty_2022,
   author = {McCafferty, Caitlyn L. and Pennington, Erin L. and Papoulas, Ophelia and Taylor, David W. and Marcotte, Edward M.},
   title = {Does AlphaFold2 model proteins’ intracellular conformations? An experimental test using cross-linking mass spectrometry of endogenous ciliary proteins},
   journal = {bioRxiv},
   year = {2022},
   type = {Journal Article}
}

@article{Means_1998,
   author = {Means, G. E. and Feeney, R. E.},
   title = {Chemical modifications of proteins: A review},
   journal = {Journal of Food Biochemistry},
   volume = {22},
   number = {5},
   pages = {399-426},
   ISSN = {0145-8884},
   DOI = {DOI 10.1111/j.1745-4514.1998.tb00253.x},
   url = {<Go to ISI>://WOS:000076998600004},
   year = {1998},
   type = {Journal Article}
}

@article{Meldal_2021,
   author = {Meldal, B. H. M. and Perfetto, L. and Combe, C. and Lubiana, T. and Ferreira Cavalcante, J. V. and Bye, A. Jee H. and Waagmeester, A. and Del-Toro, N. and Shrivastava, A. and Barrera, E. and Wong, E. and Mlecnik, B. and Bindea, G. and Panneerselvam, K. and Willighagen, E. and Rappsilber, J. and Porras, P. and Hermjakob, H. and Orchard, S.},
   title = {Complex Portal 2022: new curation frontiers},
   journal = {Nucleic Acids Res},
   ISSN = {1362-4962 (Electronic)
0305-1048 (Linking)},
   DOI = {10.1093/nar/gkab991},
   url = {https://www.ncbi.nlm.nih.gov/pubmed/34718729},
   year = {2021},
   type = {Journal Article}
}

@article{Mistry_2021,
   author = {Mistry, J. and Chuguransky, S. and Williams, L. and Qureshi, M. and Salazar, G. A. and Sonnhammer, E. L. L. and Tosatto, S. C. E. and Paladin, L. and Raj, S. and Richardson, L. J. and Finn, R. D. and Bateman, A.},
   title = {Pfam: The protein families database in 2021},
   journal = {Nucleic Acids Res},
   volume = {49},
   number = {D1},
   pages = {D412-D419},
   ISSN = {1362-4962 (Electronic)
0305-1048 (Linking)},
   DOI = {10.1093/nar/gkaa913},
   url = {https://www.ncbi.nlm.nih.gov/pubmed/33125078},
   year = {2021},
   type = {Journal Article}
}

@article{Muller_2016,
   author = {Muller, C. S. and Bildl, W. and Haupt, A. and Ellenrieder, L. and Becker, T. and Hunte, C. and Fakler, B. and Schulte, U.},
   title = {Cryo-slicing Blue Native-Mass Spectrometry (csBN-MS), a Novel Technology for High Resolution Complexome Profiling},
   journal = {Mol Cell Proteomics},
   volume = {15},
   number = {2},
   pages = {669-81},
   ISSN = {1535-9484 (Electronic)
1535-9476 (Linking)},
   DOI = {10.1074/mcp.M115.054080},
   url = {https://www.ncbi.nlm.nih.gov/pubmed/26598645},
   year = {2016},
   type = {Journal Article}
}

@article{Naowarojna_2021,
   author = {Naowarojna, N. and Cheng, R. H. and Lopez, J. and Wong, C. and Qiao, L. and Liu, P. H.},
   title = {Chemical modifications of proteins and their applications in metalloenzyme studies},
   journal = {Synthetic and Systems Biotechnology},
   volume = {6},
   number = {1},
   pages = {32-49},
   ISSN = {2405-805x},
   DOI = {10.1016/j.synbio.2021.01.001},
   url = {<Go to ISI>://WOS:000624903200005},
   year = {2021},
   type = {Journal Article}
}

@article{Niedzialkowska_2016,
   author = {Niedzialkowska, E. and Gasiorowska, O. and Handing, K. B. and Majorek, K. A. and Porebski, P. J. and Shabalin, I. G. and Zasadzinska, E. and Cymborowski, M. and Minor, W.},
   title = {Protein purification and crystallization artifacts: The tale usually not told},
   journal = {Protein Science},
   volume = {25},
   number = {3},
   pages = {720-733},
   ISSN = {0961-8368},
   DOI = {10.1002/pro.2861},
   url = {<Go to ISI>://WOS:000370952900016},
   year = {2016},
   type = {Journal Article}
}

@article{Nolte_2021,
   author = {Nolte, H. and Langer, T.},
   title = {ComplexFinder: A software package for the analysis of native protein complex fractionation experiments},
   journal = {Biochim Biophys Acta Bioenerg},
   volume = {1862},
   number = {8},
   pages = {148444},
   ISSN = {1879-2650 (Electronic)
0005-2728 (Linking)},
   DOI = {10.1016/j.bbabio.2021.148444},
   url = {https://www.ncbi.nlm.nih.gov/pubmed/33940038},
   year = {2021},
   type = {Journal Article}
}

@article{O'Connell_2009,
   author = {O'Connell, M. R. and Gamsjaeger, R. and Mackay, J. P.},
   title = {The structural analysis of protein-protein interactions by NMR spectroscopy},
   journal = {Proteomics},
   volume = {9},
   number = {23},
   pages = {5224-32},
   ISSN = {1615-9861 (Electronic)
1615-9853 (Linking)},
   DOI = {10.1002/pmic.200900303},
   url = {https://www.ncbi.nlm.nih.gov/pubmed/19834907},
   year = {2009},
   type = {Journal Article}
}

@article{Olsen_2007,
   author = {Olsen, J. V. and Macek, B. and Lange, O. and Makarov, A. and Horning, S. and Mann, M.},
   title = {Higher-energy C-trap dissociation for peptide modification analysis},
   journal = {Nature Methods},
   volume = {4},
   number = {9},
   pages = {709-712},
   ISSN = {1548-7091},
   DOI = {10.1038/Nmeth1060},
   url = {<Go to ISI>://WOS:000249392000016},
   year = {2007},
   type = {Journal Article}
}

@article{Ong_2002,
   author = {Ong, S. E. and Blagoev, B. and Kratchmarova, I. and Kristensen, D. B. and Steen, H. and Pandey, A. and Mann, M.},
   title = {Stable isotope labeling by amino acids in cell culture, SILAC, as a simple and accurate approach to expression proteomics},
   journal = {Mol Cell Proteomics},
   volume = {1},
   number = {5},
   pages = {376-86},
   ISSN = {1535-9476 (Print)
1535-9476 (Linking)},
   DOI = {10.1074/mcp.m200025-mcp200},
   url = {https://www.ncbi.nlm.nih.gov/pubmed/12118079},
   year = {2002},
   type = {Journal Article}
}

@article{Orban-Nemeth_2018,
   author = {Orban-Nemeth, Z. and Beveridge, R. and Hollenstein, D. M. and Rampler, E. and Stranzl, T. and Hudecz, O. and Doblmann, J. and Schlogelhofer, P. and Mechtler, K.},
   title = {Structural prediction of protein models using distance restraints derived from cross-linking mass spectrometry data},
   journal = {Nature Protocols},
   volume = {13},
   number = {7},
   pages = {1724-1724},
   ISSN = {1754-2189},
   DOI = {10.1038/s41596-018-0024-7},
   url = {<Go to ISI>://WOS:000439317300012},
   year = {2018},
   type = {Journal Article}
}

@article{O'Reilly_2018,
   author = {O'Reilly, F. J. and Rappsilber, J.},
   title = {Cross-linking mass spectrometry: methods and applications in structural, molecular and systems biology},
   journal = {Nature Structural \& Molecular Biology},
   volume = {25},
   number = {11},
   pages = {1000-1008},
   ISSN = {1545-9993},
   DOI = {10.1038/s41594-018-0147-0},
   url = {<Go to ISI>://WOS:000449271800006},
   year = {2018},
   type = {Journal Article}
}

@article{Orsburn_2021,
   author = {Orsburn, B. C.},
   title = {Proteome Discoverer-A Community Enhanced Data Processing Suite for Protein Informatics},
   journal = {Proteomes},
   volume = {9},
   number = {1},
   ISSN = {2227-7382 (Print)
2227-7382 (Linking)},
   DOI = {10.3390/proteomes9010015},
   url = {https://www.ncbi.nlm.nih.gov/pubmed/33806881},
   year = {2021},
   type = {Journal Article}
}

@article{Ott_2015,
   author = {Ott, C. and Dorsch, E. and Fraunholz, M. and Straub, S. and Kozjak-Pavlovic, V.},
   title = {Detailed analysis of the human mitochondrial contact site complex indicate a hierarchy of subunits},
   journal = {PLoS One},
   volume = {10},
   number = {3},
   pages = {e0120213},
   ISSN = {1932-6203 (Electronic)
1932-6203 (Linking)},
   DOI = {10.1371/journal.pone.0120213},
   url = {https://www.ncbi.nlm.nih.gov/pubmed/25781180},
   year = {2015},
   type = {Journal Article}
}

@article{Oughtred_2021,
   author = {Oughtred, R. and Rust, J. and Chang, C. and Breitkreutz, B. J. and Stark, C. and Willems, A. and Boucher, L. and Leung, G. and Kolas, N. and Zhang, F. and Dolma, S. and Coulombe-Huntington, J. and Chatr-Aryamontri, A. and Dolinski, K. and Tyers, M.},
   title = {The BioGRID database: A comprehensive biomedical resource of curated protein, genetic, and chemical interactions},
   journal = {Protein Sci},
   volume = {30},
   number = {1},
   pages = {187-200},
   ISSN = {1469-896X (Electronic)
0961-8368 (Linking)},
   DOI = {10.1002/pro.3978},
   url = {https://www.ncbi.nlm.nih.gov/pubmed/33070389},
   year = {2021},
   type = {Journal Article}
}

@article{Palenikova_2021a,
   author = {Palenikova, P. and Harbour, M. E. and Ding, S. and Fearnley, I. M. and Van Haute, L. and Rorbach, J. and Scavetta, R. and Minczuk, M. and Rebelo-Guiomar, P.},
   title = {Quantitative density gradient analysis by mass spectrometry (qDGMS) and complexome profiling analysis (ComPrAn) R package for the study of macromolecular complexes},
   journal = {Biochim Biophys Acta Bioenerg},
   volume = {1862},
   number = {6},
   pages = {148399},
   ISSN = {1879-2650 (Electronic)
0005-2728 (Linking)},
   DOI = {10.1016/j.bbabio.2021.148399},
   url = {https://www.ncbi.nlm.nih.gov/pubmed/33592209},
   year = {2021},
   type = {Journal Article}
}

@article{Palenikova_2021b,
   author = {Palenikova, P. and Harbour, M. E. and Prodi, F. and Minczuk, M. and Zeviani, M. and Ghelli, A. and Fernandez-Vizarra, E.},
   title = {Duplexing complexome profiling with SILAC to study human respiratory chain assembly defects},
   journal = {Biochim Biophys Acta Bioenerg},
   volume = {1862},
   number = {6},
   pages = {148395},
   ISSN = {1879-2650 (Electronic)
0005-2728 (Linking)},
   DOI = {10.1016/j.bbabio.2021.148395},
   url = {https://www.ncbi.nlm.nih.gov/pubmed/33600785},
   year = {2021},
   type = {Journal Article}
}

@article{Perez-Perez_2016,
   author = {Perez-Perez, R. and Lobo-Jarne, T. and Milenkovic, D. and Mourier, A. and Bratic, A. and Garcia-Bartolome, A. and Fernandez-Vizarra, E. and Cadenas, S. and Delmiro, A. and Garcia-Consuegra, I. and Arenas, J. and Martin, M. A. and Larsson, N. G. and Ugalde, C.},
   title = {COX7A2L Is a Mitochondrial Complex III Binding Protein that Stabilizes the III2+IV Supercomplex without Affecting Respirasome Formation},
   journal = {Cell Rep},
   volume = {16},
   number = {9},
   pages = {2387-98},
   ISSN = {2211-1247 (Electronic)},
   DOI = {10.1016/j.celrep.2016.07.081},
   url = {https://www.ncbi.nlm.nih.gov/pubmed/27545886},
   year = {2016},
   type = {Journal Article}
}

@article{Perkins_1999,
   author = {Perkins, D. N. and Pappin, D. J. and Creasy, D. M. and Cottrell, J. S.},
   title = {Probability-based protein identification by searching sequence databases using mass spectrometry data},
   journal = {Electrophoresis},
   volume = {20},
   number = {18},
   pages = {3551-67},
   ISSN = {0173-0835 (Print)
0173-0835 (Linking)},
   DOI = {10.1002/(SICI)1522-2683(19991201)20:18<3551::AID-ELPS3551>3.0.CO;2-2},
   url = {https://www.ncbi.nlm.nih.gov/pubmed/10612281},
   year = {1999},
   type = {Journal Article}
}

@article{Protasoni_2020,
   author = {Protasoni, M. and Pérez-Pérez, R. and Lobo-Jarne, T. and Harbour, M. E. and Ding, S. and Peñas, A. and Diaz, F. and Moraes, C. T. and Fearnley, I. M. and Zeviani, M. and Ugalde, C. and Fernández-Vizarra, E.},
   title = {Respiratory supercomplexes act as a platform for complex III-mediated maturation of human mitochondrial complexes I and IV},
   journal = {EMBO J},
   volume = {39},
   number = {3},
   pages = {e102817},
   ISSN = {1460-2075},
   DOI = {10.15252/embj.2019102817},
   url = {https://www.ncbi.nlm.nih.gov/pubmed/31912925},
   year = {2020},
   type = {Journal Article}
}

@article{Rappsilber_2011,
   author = {Rappsilber, J.},
   title = {The beginning of a beautiful friendship: cross-linking/mass spectrometry and modelling of proteins and multi-protein complexes},
   journal = {J Struct Biol},
   volume = {173},
   number = {3},
   pages = {530-40},
   ISSN = {1095-8657 (Electronic)
1047-8477 (Linking)},
   DOI = {10.1016/j.jsb.2010.10.014},
   url = {https://www.ncbi.nlm.nih.gov/pubmed/21029779},
   year = {2011},
   type = {Journal Article}
}

@article{Rappsilber_2000,
   author = {Rappsilber, J. and Siniossoglou, S. and Hurt, E. C. and Mann, M.},
   title = {A generic strategy to analyze the spatial organization of multi-protein complexes by cross-linking and mass spectrometry},
   journal = {Anal Chem},
   volume = {72},
   number = {2},
   pages = {267-75},
   ISSN = {0003-2700 (Print)
0003-2700 (Linking)},
   DOI = {10.1021/ac991081o},
   url = {https://www.ncbi.nlm.nih.gov/pubmed/10658319},
   year = {2000},
   type = {Journal Article}
}

@article{Rost_2016,
   author = {Rost, H. L. and Sachsenberg, T. and Aiche, S. and Bielow, C. and Weisser, H. and Aicheler, F. and Andreotti, S. and Ehrlich, H. C. and Gutenbrunner, P. and Kenar, E. and Liang, X. and Nahnsen, S. and Nilse, L. and Pfeuffer, J. and Rosenberger, G. and Rurik, M. and Schmitt, U. and Veit, J. and Walzer, M. and Wojnar, D. and Wolski, W. E. and Schilling, O. and Choudhary, J. S. and Malmstrom, L. and Aebersold, R. and Reinert, K. and Kohlbacher, O.},
   title = {OpenMS: a flexible open-source software platform for mass spectrometry data analysis},
   journal = {Nat Methods},
   volume = {13},
   number = {9},
   pages = {741-8},
   ISSN = {1548-7105 (Electronic)
1548-7091 (Linking)},
   DOI = {10.1038/nmeth.3959},
   url = {https://www.ncbi.nlm.nih.gov/pubmed/27575624},
   year = {2016},
   type = {Journal Article}
}

@article{Rugen_2019,
   author = {Rugen, Nils and Straube, Henryk and Franken, Linda E. and Braun, Hans-Peter and Eubel, Holger},
   title = {Complexome Profiling Reveals Association of PPR Proteins with Ribosomes in the Mitochondria of Plants},
   journal = {Molecular \& cellular proteomics : MCP},
   volume = {18},
   number = {7},
   pages = {1345-1362},
   ISSN = {1535-9484
1535-9476},
   DOI = {10.1074/mcp.RA119.001396},
   url = {https://pubmed.ncbi.nlm.nih.gov/31023727
https://www.ncbi.nlm.nih.gov/pmc/articles/PMC6601216/},
   year = {2019},
   type = {Journal Article}
}

@article{Rugolo_2021,
   author = {Rugolo, M. and Zanna, C. and Ghelli, A. M.},
   title = {Organization of the Respiratory Supercomplexes in Cells with Defective Complex III: Structural Features and Metabolic Consequences},
   journal = {Life-Basel},
   volume = {11},
   number = {4},
   DOI = {ARTN 351
10.3390/life11040351},
   url = {<Go to ISI>://WOS:000643201900001},
   year = {2021},
   type = {Journal Article}
}

@article{Russell_2004,
   author = {Russell, R. B. and Alber, F. and Aloy, P. and Davis, F. P. and Korkin, D. and Pichaud, M. and Topf, M. and Sali, A.},
   title = {A structural perspective on protein-protein interactions},
   journal = {Current Opinion in Structural Biology},
   volume = {14},
   number = {3},
   pages = {313-324},
   ISSN = {0959-440x},
   DOI = {10.1016/j.sbi.2004.04.006},
   url = {<Go to ISI>://WOS:000222538400008},
   year = {2004},
   type = {Journal Article}
}

@article{Ryl_2020,
   author = {Ryl, P. S. J. and Bohlke-Schneider, M. and Lenz, S. and Fischer, L. and Budzinski, L. and Stuiver, M. and Mendes, M. M. L. and Sinn, L. and O'Reilly, F. J. and Rappsilber, J.},
   title = {In Situ Structural Restraints from Cross-Linking Mass Spectrometry in Human Mitochondria},
   journal = {J Proteome Res},
   volume = {19},
   number = {1},
   pages = {327-336},
   ISSN = {1535-3907 (Electronic)
1535-3893 (Linking)},
   DOI = {10.1021/acs.jproteome.9b00541},
   url = {https://www.ncbi.nlm.nih.gov/pubmed/31746214},
   year = {2020},
   type = {Journal Article}
}

@article{Sanchez-Caballero_2020,
   author = {Sanchez-Caballero, L. and Elurbe, D. M. and Baertling, F. and Guerrero-Castillo, S. and van den Brand, M. and van Strien, J. and van Dam, T. J. P. and Rodenburg, R. and Brandt, U. and Huynen, M. A. and Nijtmans, L. G. J.},
   title = {TMEM70 functions in the assembly of complexes I and V},
   journal = {Biochim Biophys Acta Bioenerg},
   volume = {1861},
   number = {8},
   pages = {148202},
   ISSN = {1879-2650 (Electronic)
0005-2728 (Linking)},
   DOI = {10.1016/j.bbabio.2020.148202},
   url = {https://www.ncbi.nlm.nih.gov/pubmed/32275929},
   year = {2020},
   type = {Journal Article}
}

@article{Schägger_2000,
   author = {Schägger, H. and Pfeiffer, K.},
   title = {Supercomplexes in the respiratory chains of yeast and mammalian mitochondria},
   journal = {The EMBO Journal},
   volume = {19},
   number = {8},
   pages = {1777-1783},
   year = {2000},
   type = {Journal Article}
}

@article{Schwanhausser_2011,
   author = {Schwanhausser, B. and Busse, D. and Li, N. and Dittmar, G. and Schuchhardt, J. and Wolf, J. and Chen, W. and Selbach, M.},
   title = {Global quantification of mammalian gene expression control},
   journal = {Nature},
   volume = {473},
   number = {7347},
   pages = {337-42},
   ISSN = {1476-4687 (Electronic)
0028-0836 (Linking)},
   DOI = {10.1038/nature10098},
   url = {https://www.ncbi.nlm.nih.gov/pubmed/21593866},
   year = {2011},
   type = {Journal Article}
}

@article{Schweppe_2017,
   author = {Schweppe, D. K. and Chavez, J. D. and Lee, C. F. and Caudal, A. and Kruse, S. E. and Stuppard, R. and Marcinek, D. J. and Shadel, G. S. and Tian, R. and Bruce, J. E.},
   title = {Mitochondrial protein interactome elucidated by chemical cross-linking mass spectrometry},
   journal = {Proc Natl Acad Sci U S A},
   volume = {114},
   number = {7},
   pages = {1732-1737},
   ISSN = {1091-6490 (Electronic)
0027-8424 (Linking)},
   DOI = {10.1073/pnas.1617220114},
   url = {https://www.ncbi.nlm.nih.gov/pubmed/28130547},
   year = {2017},
   type = {Journal Article}
}

@article{Senkler_2018,
   author = {Senkler, J. and Rugen, N. and Eubel, H. and Hegermann, J. and Braun, H. P.},
   title = {Absence of Complex I Implicates Rearrangement of the Respiratory Chain in European Mistletoe},
   journal = {Curr Biol},
   volume = {28},
   number = {10},
   pages = {1606-1613 e4},
   ISSN = {1879-0445 (Electronic)
0960-9822 (Linking)},
   DOI = {10.1016/j.cub.2018.03.050},
   url = {https://www.ncbi.nlm.nih.gov/pubmed/29731306},
   year = {2018},
   type = {Journal Article}
}

@article{Senkler_2017,
   author = {Senkler, Jennifer and Senkler, Michael and Eubel, Holger and Hildebrandt, Tatjana and Lengwenus, Christian and Schertl, Peter and Schwarzländer, Markus and Wagner, Stephan and Wittig, Ilka and Braun, Hans-Peter},
   title = {The mitochondrial complexome of Arabidopsis thaliana},
   journal = {The Plant Journal},
   volume = {89},
   number = {6},
   pages = {1079-1092},
   ISSN = {0960-7412},
   DOI = {https://doi.org/10.1111/tpj.13448},
   url = {https://doi.org/10.1111/tpj.13448},
   year = {2017},
   type = {Journal Article}
}

@article{Singhal_2017,
   author = {Singhal, R. K. and Kruse, C. and Heidler, J. and Strecker, V. and Zwicker, K. and Dusterwald, L. and Westermann, B. and Herrmann, J. M. and Wittig, I. and Rapaport, D.},
   title = {Coi1 is a novel assembly factor of the yeast complex III-complex IV supercomplex},
   journal = {Mol Biol Cell},
   ISSN = {1939-4586 (Electronic)
1059-1524 (Linking)},
   DOI = {10.1091/mbc.E17-02-0093},
   url = {https://www.ncbi.nlm.nih.gov/pubmed/28794267},
   year = {2017},
   type = {Journal Article}
}

@article{Sinnott_2020,
   author = {Sinnott, M. and Malhotra, S. and Madhusudhan, M. S. and Thalassinos, K. and Topf, M.},
   title = {Combining Information from Crosslinks and Monolinks in the Modeling of Protein Structures},
   journal = {Structure},
   volume = {28},
   number = {9},
   pages = {1061-+},
   ISSN = {0969-2126},
   DOI = {10.1016/j.str.2020.05.012},
   url = {<Go to ISI>://WOS:000564932600009},
   year = {2020},
   type = {Journal Article}
}

@article{Sinz_2017,
   author = {Sinz, A.},
   title = {Divide and conquer: cleavable cross-linkers to study protein conformation and protein-protein interactions},
   journal = {Analytical and Bioanalytical Chemistry},
   volume = {409},
   number = {1},
   pages = {33-44},
   ISSN = {1618-2642},
   DOI = {10.1007/s00216-016-9941-x},
   url = {<Go to ISI>://WOS:000391357700006},
   year = {2017},
   type = {Journal Article}
}

@article{Soldi_2013,
   author = {Soldi, M. and Cuomo, A. and Bremang, M. and Bonaldi, T.},
   title = {Mass spectrometry-based proteomics for the analysis of chromatin structure and dynamics},
   journal = {Int J Mol Sci},
   volume = {14},
   number = {3},
   pages = {5402-31},
   ISSN = {1422-0067 (Print)
1422-0067 (Linking)},
   DOI = {10.3390/ijms14035402},
   url = {https://www.ncbi.nlm.nih.gov/pubmed/23466885},
   year = {2013},
   type = {Journal Article}
}

@article{Stacey_2017,
   author = {Stacey, R. G. and Skinnider, M. A. and Scott, N. E. and Foster, L. J.},
   title = {A rapid and accurate approach for prediction of interactomes from co-elution data (PrInCE)},
   journal = {BMC Bioinformatics},
   volume = {18},
   number = {1},
   pages = {457},
   ISSN = {1471-2105 (Electronic)
1471-2105 (Linking)},
   DOI = {10.1186/s12859-017-1865-8},
   url = {https://www.ncbi.nlm.nih.gov/pubmed/29061110},
   year = {2017},
   type = {Journal Article}
}

@article{Steigenberger_2020,
   author = {Steigenberger, B. and Albanese, P. and Heck, A. J. R. and Scheltema, R. A.},
   title = {To Cleave or Not To Cleave in XL-MS?},
   journal = {J Am Soc Mass Spectrom},
   volume = {31},
   number = {2},
   pages = {196-206},
   ISSN = {1879-1123 (Electronic)
1044-0305 (Linking)},
   DOI = {10.1021/jasms.9b00085},
   url = {https://www.ncbi.nlm.nih.gov/pubmed/32031400},
   year = {2020},
   type = {Journal Article}
}

@article{Steigenberger_2019,
   author = {Steigenberger, B. and Pieters, R. J. and Heck, A. J. R. and Scheltema, R. A.},
   title = {PhoX: An IMAC-Enrichable Cross-Linking Reagent},
   journal = {ACS Cent Sci},
   volume = {5},
   number = {9},
   pages = {1514-1522},
   ISSN = {2374-7943 (Print)
2374-7943 (Linking)},
   DOI = {10.1021/acscentsci.9b00416},
   url = {https://www.ncbi.nlm.nih.gov/pubmed/31572778},
   year = {2019},
   type = {Journal Article}
}

@article{Strecker_2010,
   author = {Strecker, V. and Wumaier, Z. and Wittig, I. and Schagger, H.},
   title = {Large pore gels to separate mega protein complexes larger than 10 MDa by blue native electrophoresis: isolation of putative respiratory strings or patches},
   journal = {Proteomics},
   volume = {10},
   number = {18},
   pages = {3379-87},
   ISSN = {1615-9861 (Electronic)
1615-9853 (Linking)},
   DOI = {10.1002/pmic.201000343},
   url = {https://www.ncbi.nlm.nih.gov/pubmed/20687061},
   year = {2010},
   type = {Journal Article}
}

@article{Sun_1974,
   author = {Sun, T. T. and Bollen, A. and Kahan, L. and Traut, R. R.},
   title = {Topography of ribosomal proteins of the Escherichia coli 30S subunit as studied with the reversible cross-linking reagent methyl 4-mercaptobutyrimidate},
   journal = {Biochemistry},
   volume = {13},
   number = {11},
   pages = {2334-40},
   ISSN = {0006-2960 (Print)
0006-2960 (Linking)},
   DOI = {10.1021/bi00708a015},
   url = {https://www.ncbi.nlm.nih.gov/pubmed/4208778},
   year = {1974},
   type = {Journal Article}
}

@article{Szklarczyk_2021,
   author = {Szklarczyk, D. and Gable, A. L. and Nastou, K. C. and Lyon, D. and Kirsch, R. and Pyysalo, S. and Doncheva, N. T. and Legeay, M. and Fang, T. and Bork, P. and Jensen, L. J. and von Mering, C.},
   title = {The STRING database in 2021: customizable protein-protein networks, and functional characterization of user-uploaded gene/measurement sets},
   journal = {Nucleic Acids Res},
   volume = {49},
   number = {D1},
   pages = {D605-D612},
   ISSN = {1362-4962 (Electronic)
0305-1048 (Linking)},
   DOI = {10.1093/nar/gkaa1074},
   url = {https://www.ncbi.nlm.nih.gov/pubmed/33237311},
   year = {2021},
   type = {Journal Article}
}

@article{Tan_2016,
   author = {Tan, D. and Li, Q. and Zhang, M. J. and Liu, C. and Ma, C. Y. and Zhang, P. and Ding, Y. H. and Fan, S. B. and Tao, L. and Yang, B. and Li, X. K. and Ma, S. C. and Liu, J. J. and Feng, B. Y. and Liu, X. H. and Wang, H. W. and He, S. M. and Gao, N. and Ye, K. Q. and Dong, M. Q. and Lei, X. G.},
   title = {Trifunctional cross-linker for mapping protein-protein interaction networks and comparing protein conformational states},
   journal = {Elife},
   volume = {5},
   ISSN = {2050-084x},
   DOI = {ARTN e12509
10.7554/eLife.12509},
   url = {<Go to ISI>://WOS:000373894300001},
   year = {2016},
   type = {Journal Article}
}

@article{Tran_2017,
   author = {Tran, N. H. and Zhang, X. and Xin, L. and Shan, B. and Li, M.},
   title = {De novo peptide sequencing by deep learning},
   journal = {Proc Natl Acad Sci U S A},
   volume = {114},
   number = {31},
   pages = {8247-8252},
   ISSN = {1091-6490 (Electronic)
0027-8424 (Linking)},
   DOI = {10.1073/pnas.1705691114},
   url = {https://www.ncbi.nlm.nih.gov/pubmed/28720701},
   year = {2017},
   type = {Journal Article}
}

@article{Turk_2020,
   author = {Turk, M. and Baumeister, W.},
   title = {The promise and the challenges of cryo-electron tomography},
   journal = {FEBS Lett},
   volume = {594},
   number = {20},
   pages = {3243-3261},
   ISSN = {1873-3468 (Electronic)
0014-5793 (Linking)},
   DOI = {10.1002/1873-3468.13948},
   url = {https://www.ncbi.nlm.nih.gov/pubmed/33020915},
   year = {2020},
   type = {Journal Article}
}

@article{Tyanova_2016a,
   author = {Tyanova, S. and Temu, T. and Cox, J.},
   title = {The MaxQuant computational platform for mass spectrometry-based shotgun proteomics},
   journal = {Nat Protoc},
   volume = {11},
   number = {12},
   pages = {2301-2319},
   ISSN = {1750-2799 (Electronic)
1750-2799 (Linking)},
   DOI = {10.1038/nprot.2016.136},
   url = {https://www.ncbi.nlm.nih.gov/pubmed/27809316},
   year = {2016},
   type = {Journal Article}
}

@article{Tyanova_2016b,
   author = {Tyanova, S. and Temu, T. and Sinitcyn, P. and Carlson, A. and Hein, M. Y. and Geiger, T. and Mann, M. and Cox, J.},
   title = {The Perseus computational platform for comprehensive analysis of (prote)omics data},
   journal = {Nat Methods},
   volume = {13},
   number = {9},
   pages = {731-40},
   ISSN = {1548-7105 (Electronic)
1548-7091 (Linking)},
   DOI = {10.1038/nmeth.3901},
   url = {https://www.ncbi.nlm.nih.gov/pubmed/27348712},
   year = {2016},
   type = {Journal Article}
}

@article{Ugalde_2004,
   author = {Ugalde, C. and Vogel, R. and Huijbens, R. and Van Den Heuvel, B. and Smeitink, J. and Nijtmans, L.},
   title = {Human mitochondrial complex I assembles through the combination of evolutionary conserved modules: a framework to interpret complex I deficiencies},
   journal = {Hum Mol Genet},
   volume = {13},
   number = {20},
   pages = {2461-72},
   ISSN = {0964-6906 (Print)
0964-6906 (Linking)},
   DOI = {10.1093/hmg/ddh262},
   url = {https://www.ncbi.nlm.nih.gov/pubmed/15317750},
   year = {2004},
   type = {Journal Article}
}

@article{UniProt_2021,
   author = {UniProt, Consortium},
   title = {UniProt: the universal protein knowledgebase in 2021},
   journal = {Nucleic Acids Res},
   volume = {49},
   number = {D1},
   pages = {D480-D489},
   ISSN = {1362-4962 (Electronic)
0305-1048 (Linking)},
   DOI = {10.1093/nar/gkaa1100},
   url = {https://www.ncbi.nlm.nih.gov/pubmed/33237286},
   year = {2021},
   type = {Journal Article}
}

@article{Vakser_2014,
   author = {Vakser, I. A.},
   title = {Protein-Protein Docking: From Interaction to Interactome},
   journal = {Biophysical Journal},
   volume = {107},
   number = {8},
   pages = {1785-1793},
   ISSN = {0006-3495},
   DOI = {10.1016/j.bpj.2014.08.033},
   url = {<Go to ISI>://WOS:000343682700004},
   year = {2014},
   type = {Journal Article}
}

@article{Van_Strien_2019,
   author = {Van Strien, J. and Guerrero-Castillo, S. and Chatzispyrou, I. A. and Houtkooper, R. H. and Brandt, U. and Huynen, M. A.},
   title = {COmplexome Profiling ALignment (COPAL) reveals remodeling of mitochondrial protein complexes in Barth syndrome},
   journal = {Bioinformatics},
   volume = {35},
   number = {17},
   pages = {3083-3091},
   ISSN = {1367-4811 (Electronic)
1367-4803 (Linking)},
   DOI = {10.1093/bioinformatics/btz025},
   url = {https://www.ncbi.nlm.nih.gov/pubmed/30649188},
   year = {2019},
   type = {Journal Article}
}

@article{van_Zundert_2015,
   author = {van Zundert, G. C. and Bonvin, A. M.},
   title = {DisVis: quantifying and visualizing accessible interaction space of distance-restrained biomolecular complexes},
   journal = {Bioinformatics},
   volume = {31},
   number = {19},
   pages = {3222-4},
   ISSN = {1367-4811 (Electronic)
1367-4803 (Linking)},
   DOI = {10.1093/bioinformatics/btv333},
   url = {https://www.ncbi.nlm.nih.gov/pubmed/26026169},
   year = {2015},
   type = {Journal Article}
}

@article{van_Zundert_2016,
   author = {van Zundert, G. C. P. and Rodrigues, Jpglm and Trellet, M. and Schmitz, C. and Kastritis, P. L. and Karaca, E. and Melquiond, A. S. J. and van Dijk, M. and de Vries, S. J. and Bonvin, Amjj},
   title = {The HADDOCK2.2 Web Server: User-Friendly Integrative Modeling of Biomolecular Complexes},
   journal = {J Mol Biol},
   volume = {428},
   number = {4},
   pages = {720-725},
   ISSN = {1089-8638 (Electronic)
0022-2836 (Linking)},
   DOI = {10.1016/j.jmb.2015.09.014},
   url = {https://www.ncbi.nlm.nih.gov/pubmed/26410586},
   year = {2016},
   type = {Journal Article}
}

@article{Vidal_2011,
   author = {Vidal, M. and Cusick, M. E. and Barabasi, A. L.},
   title = {Interactome networks and human disease},
   journal = {Cell},
   volume = {144},
   number = {6},
   pages = {986-98},
   ISSN = {1097-4172 (Electronic)
0092-8674 (Linking)},
   DOI = {10.1016/j.cell.2011.02.016},
   url = {https://www.ncbi.nlm.nih.gov/pubmed/21414488},
   year = {2011},
   type = {Journal Article}
}

@article{Vidoni_2017,
   author = {Vidoni, S. and Harbour, M. E. and Guerrero-Castillo, S. and Signes, A. and Ding, S. and Fearnley, I. M. and Taylor, R. W. and Tiranti, V. and Arnold, S. and Fernandez-Vizarra, E. and Zeviani, M.},
   title = {MR-1S Interacts with PET100 and PET117 in Module-Based Assembly of Human Cytochrome c Oxidase},
   journal = {Cell Rep},
   volume = {18},
   number = {7},
   pages = {1727-1738},
   ISSN = {2211-1247 (Electronic)},
   DOI = {10.1016/j.celrep.2017.01.044},
   url = {https://www.ncbi.nlm.nih.gov/pubmed/28199844},
   year = {2017},
   type = {Journal Article}
}

@article{Wai_2016,
   author = {Wai, T. and Saita, S. and Nolte, H. and Muller, S. and Konig, T. and Richter-Dennerlein, R. and Sprenger, H. G. and Madrenas, J. and Muhlmeister, M. and Brandt, U. and Kruger, M. and Langer, T.},
   title = {The membrane scaffold SLP2 anchors a proteolytic hub in mitochondria containing PARL and the i-AAA protease YME1L},
   journal = {EMBO Rep},
   volume = {17},
   number = {12},
   pages = {1844-1856},
   ISSN = {1469-3178 (Electronic)
1469-221X (Linking)},
   DOI = {10.15252/embr.201642698},
   url = {https://www.ncbi.nlm.nih.gov/pubmed/27737933},
   year = {2016},
   type = {Journal Article}
}

@article{Webb_2016,
   author = {Webb, B. and Sali, A.},
   title = {Comparative Protein Structure Modeling Using MODELLER},
   journal = {Curr Protoc Bioinformatics},
   volume = {54},
   pages = {5 6 1-5 6 37},
   ISSN = {1934-340X (Electronic)
1934-3396 (Linking)},
   DOI = {10.1002/cpbi.3},
   url = {https://www.ncbi.nlm.nih.gov/pubmed/27322406},
   year = {2016},
   type = {Journal Article}
}

@article{Weber_2013,
   author = {Weber, T. A. and Koob, S. and Heide, H. and Wittig, I. and Head, B. and van der Bliek, A. and Brandt, U. and Mittelbronn, M. and Reichert, A. S.},
   title = {APOOL is a cardiolipin-binding constituent of the Mitofilin/MINOS protein complex determining cristae morphology in mammalian mitochondria},
   journal = {PLoS One},
   volume = {8},
   number = {5},
   pages = {e63683},
   ISSN = {1932-6203 (Electronic)
1932-6203 (Linking)},
   DOI = {10.1371/journal.pone.0063683},
   url = {https://www.ncbi.nlm.nih.gov/pubmed/23704930},
   year = {2013},
   type = {Journal Article}
}

@article{Wessels_2009,
   author = {Wessels, H. J. and Vogel, R. O. and van den Heuvel, L. and Smeitink, J. A. and Rodenburg, R. J. and Nijtmans, L. G. and Farhoud, M. H.},
   title = {LC-MS/MS as an alternative for SDS-PAGE in blue native analysis of protein complexes},
   journal = {Proteomics},
   volume = {9},
   number = {17},
   pages = {4221-8},
   ISSN = {1615-9861 (Electronic)
1615-9853 (Linking)},
   DOI = {10.1002/pmic.200900157},
   url = {https://www.ncbi.nlm.nih.gov/pubmed/19688755},
   year = {2009},
   type = {Journal Article}
}

@article{Wittig_2010,
   author = {Wittig, I. and Beckhaus, T. and Wumaier, Z. and Karas, M. and Schagger, H.},
   title = {Mass estimation of native proteins by blue native electrophoresis: principles and practical hints},
   journal = {Mol Cell Proteomics},
   volume = {9},
   number = {10},
   pages = {2149-61},
   ISSN = {1535-9484 (Electronic)
1535-9476 (Linking)},
   DOI = {10.1074/mcp.M900526-MCP200},
   url = {https://www.ncbi.nlm.nih.gov/pubmed/20173216},
   year = {2010},
   type = {Journal Article}
}

@article{Wittig_2006,
   author = {Wittig, I. and Braun, H. P. and Schagger, H.},
   title = {Blue native PAGE},
   journal = {Nat Protoc},
   volume = {1},
   number = {1},
   pages = {418-28},
   ISSN = {1750-2799 (Electronic)
1750-2799 (Linking)},
   DOI = {10.1038/nprot.2006.62},
   url = {https://www.ncbi.nlm.nih.gov/pubmed/17406264},
   year = {2006},
   type = {Journal Article}
}

@article{Wittig_2007,
   author = {Wittig, I. and Karas, M. and Schagger, H.},
   title = {High resolution clear native electrophoresis for in-gel functional assays and fluorescence studies of membrane protein complexes},
   journal = {Mol Cell Proteomics},
   volume = {6},
   number = {7},
   pages = {1215-25},
   ISSN = {1535-9476 (Print)
1535-9476 (Linking)},
   DOI = {10.1074/mcp.M700076-MCP200},
   url = {https://www.ncbi.nlm.nih.gov/pubmed/17426019},
   year = {2007},
   type = {Journal Article}
}

@article{Wittig_2021,
   author = {Wittig, I. and Malacarne, P. F.},
   title = {Complexome Profiling: Assembly and Remodeling of Protein Complexes},
   journal = {Int J Mol Sci},
   volume = {22},
   number = {15},
   ISSN = {1422-0067 (Electronic)
1422-0067 (Linking)},
   DOI = {10.3390/ijms22157809},
   url = {https://www.ncbi.nlm.nih.gov/pubmed/34360575},
   year = {2021},
   type = {Journal Article}
}

@article{Wong_1991,
   author = {Wong, Shan S},
   title = {Chemistry of protein conjugation and cross-linking},
   publisher = {CRC press},
   ISBN = {0849358868},
   year = {1991},
   type = {Book}
}

@article{Wu_2016,
   author = {Wu, M. and Gu, J. and Guo, R. and Huang, Y. and Yang, M.},
   title = {Structure of Mammalian Respiratory Supercomplex I1III2IV1},
   journal = {Cell},
   volume = {167},
   number = {6},
   pages = {1598-1609 e10},
   ISSN = {1097-4172 (Electronic)
0092-8674 (Linking)},
   DOI = {10.1016/j.cell.2016.11.012},
   url = {https://www.ncbi.nlm.nih.gov/pubmed/27912063},
   year = {2016},
   type = {Journal Article}
}

@article{Yamashita_1984,
   author = {Yamashita, M. and Fenn, J. B.},
   title = {Electrospray Ion-Source - Another Variation on the Free-Jet Theme},
   journal = {Journal of Physical Chemistry},
   volume = {88},
   number = {20},
   pages = {4451-4459},
   ISSN = {0022-3654},
   DOI = {DOI 10.1021/j150664a002},
   url = {<Go to ISI>://WOS:A1984TK84600002},
   year = {1984},
   type = {Journal Article}
}

@article{Yang_2015,
   author = {Yang, J. Y. and Yan, R. X. and Roy, A. and Xu, D. and Poisson, J. and Zhang, Y.},
   title = {The I-TASSER Suite: protein structure and function prediction},
   journal = {Nature Methods},
   volume = {12},
   number = {1},
   pages = {7-8},
   ISSN = {1548-7091},
   DOI = {10.1038/nmeth.3213},
   url = {<Go to ISI>://WOS:000347668600004},
   year = {2015},
   type = {Journal Article}
}

@article{Yu_2016,
   author = {Yu, H. and Lu, J. J. and Rao, W. and Liu, S.},
   title = {Capitalizing Resolving Power of Density Gradient Ultracentrifugation by Freezing and Precisely Slicing Centrifuged Solution: Enabling Identification of Complex Proteins from Mitochondria by Matrix Assisted Laser Desorption/Ionization Time-of-Flight Mass Spectrometry},
   journal = {J Anal Methods Chem},
   volume = {2016},
   pages = {8183656},
   ISSN = {2090-8865 (Print)
2090-8873 (Linking)},
   DOI = {10.1155/2016/8183656},
   url = {https://www.ncbi.nlm.nih.gov/pubmed/27668122},
   year = {2016},
   type = {Journal Article}
}

@article{Zhang_2012,
   author = {Zhang, J. and Xin, L. and Shan, B. and Chen, W. and Xie, M. and Yuen, D. and Zhang, W. and Zhang, Z. and Lajoie, G. A. and Ma, B.},
   title = {PEAKS DB: de novo sequencing assisted database search for sensitive and accurate peptide identification},
   journal = {Mol Cell Proteomics},
   volume = {11},
   number = {4},
   pages = {M111 010587},
   ISSN = {1535-9484 (Electronic)
1535-9476 (Linking)},
   DOI = {10.1074/mcp.M111.010587},
   url = {https://www.ncbi.nlm.nih.gov/pubmed/22186715},
   year = {2012},
   type = {Journal Article}
}

@article{Zhang_2013,
   author = {Zhang, Y. and Fonslow, B. R. and Shan, B. and Baek, M. C. and Yates, J. R., 3rd},
   title = {Protein analysis by shotgun/bottom-up proteomics},
   journal = {Chem Rev},
   volume = {113},
   number = {4},
   pages = {2343-94},
   ISSN = {1520-6890 (Electronic)
0009-2665 (Linking)},
   DOI = {10.1021/cr3003533},
   url = {https://www.ncbi.nlm.nih.gov/pubmed/23438204},
   year = {2013},
   type = {Journal Article}
}

