@article{hevler2022mrps36,
  title={MRPS36 provides a missing link in the eukaryotic 2-oxoglutarate dehydrogenase complex for recruitment of E3 to the E2 core},
  author={\textbf{Johannes F. Hevler} and Albanese, Pascal and Cabrera-Orefice, Alfredo and Potter, Alisa and Jankevics, Andris and Misic, Jelena and Scheltema, Richard A. and Brandt, Ulrich and Arnold, Susanne and Heck, Albert J.R.},
  journal={bioRxiv},
  year={2022},
  publisher={Cold Spring Harbor Laboratory}
}

@article{bergen2022site,
  title={SITE-SPECIFIC ACTIVITY-BASED PROTEIN PROFILING USING PHOSPHONATE HANDLES},
  author={van Bergen, Wouter and \textbf{Johannes F. Hevler} and Wu, Wei and Baggelaar, Marc P. and Heck, Albert J.R.},
  journal={Molecular \& Cellular Proteomics},
  year={2022},
  volume = {13},
   number = {1},
   pages = {100455},
   year = {2022},
   type = {Journal Article}
}

@article{fischer2022juxtaposition,
  title={Juxtaposition of Bub1 and Cdc20 on phosphorylated Mad1 during catalytic mitotic checkpoint complex assembly},
  author={Fischer, Elyse S. and Conny, W.H. and \textbf{Johannes F. Hevler} and McLaughlin, Stephen H. and Maslen, Sarah L. and Heck, Albert J.R. and Freund, Stefan M.V. and Barford, David},
  journal = {Nat Commun},
   volume = {13},
   number = {1},
   pages = {6381},
   year = {2022},
   type = {Journal Article}
}

@article{leung2022unraveling,
  title={Unraveling the intricate microtubule inner protein networks that reinforce mammalian sperm flagella},
  author={Leung, Miguel and Roelofs, Marc and Chiozzi, Riccardo Zenezini and \textbf{Johannes F. Hevler} and Heck, Albert J.R. and Zeev-Ben-Mordehai, Tzviya},
  journal={bioRxiv},
  year={2022},
  publisher={Cold Spring Harbor Laboratory}
}

@article{milenkovic2022normal,
  title={Normal respiratory chain capacity and physiology in mice with profoundly reduced levels of mitochondrial respirasomes},
  author={Milenkovic, Dusanka and Misic, Jelena and \textbf{Johannes F. Hevler} and Molini\'e, Thibaut and Chung, Injae and Atanassov, Ilian and Li, Xinping and Filograna, Roberta and Mesaros, Andrea and Mourier, Arnaud and Heck, Albert J.R. and Hirst, Judy and Larsson, Nils-G\"oran},
  journal={under review},
  year={2022},
  publisher={}
}

@article{guerrero2022complexome,
  title={Complexome Profilingâ€”Exploring Mitochondrial Protein Complexes in Health and Disease},
  author={Cabrera-Orefice, Alfredo and Potter, Alisa and Evers, Felix and \textbf{Johannes F. Hevler} and Guerrero-Castillo, Sergio},
  journal={Frontiers in Cell and Developmental Biology},
  year={2022},
  publisher={Frontiers Media SA}
}

@article{hevler2021selective,
  title={Selective cross-linking of coinciding protein assemblies by in-gel cross-linking mass spectrometry},
  author={\textbf{Johannes F. Hevler} and Lukassen, Marie V. and Cabrera-Orefice, Alfredo and Arnold, Susanne and Pronker, Matti F. and Franc, Vojtech and Heck, Albert J.R.},
  journal={The EMBO journal},
  volume={40},
  number={4},
  pages={e106174},
  year={2021}
}

@article{hevler2021molecular,
  title={Molecular characterization of a complex of apoptosis-inducing factor 1 with cytochrome c oxidase of the mitochondrial respiratory chain},
  author={\textbf{Johannes F. Hevler} and Zenezeni Chiozzi, Riccardo and Cabrera-Orefice, Alfredo and Brandt, Ulrich and Arnold, Susanne and Heck, Albert J.R.},
  journal={Proceedings of the National Academy of Sciences},
  volume={118},
  number={39},
  pages={e2106950118},
  year={2021},
  publisher={National Academy of Sciences}
}

@article{lukassen2021similarities,
  title={Similarities and differences in the structures and proteoform profiles of the complement proteins C6 and C7},
  author={Lukassen, Marie V. and Franc, Vojtech and \textbf{Johannes F. Hevler} and Heck, Albert JR},
  journal={Proteomics},
  volume={21},
  number={21-22},
  pages={2000310},
  year={2021}
}

@article{leung2021cell,
  title={In-cell structures of conserved supramolecular protein arrays at the mitochondria--cytoskeleton interface in mammalian sperm},
  author={Leung, Miguel Ricardo and Zenezini Chiozzi, Riccardo and Roelofs, Marc C. and \textbf{Johannes F. Hevler} and Ravi, Ravi Teja and Maitan, Paula and Zhang, Min and Henning, Heiko and Bromfield, Elizabeth G. and Howes, Stuart C. and Gadella, Bart M. and Heck, Albert JR and Zeev-Ben-Mordehai, Tzviya},
  journal={Proceedings of the National Academy of Sciences},
  volume={118},
  number={45},
  pages={e2110996118},
  year={2021},
  publisher={National Academy of Sciences}
}

@article{harding2021huntingtin,
  title={Huntingtin structure is orchestrated by HAP40 and shows a polyglutamine expansion-specific interaction with exon 1},
  author={Harding, Rachel J and Deme, Justin C and \textbf{Johannes F. Hevler} and Tamara, Sem and Lemak, Alexander and Cantle, Jeffrey P and Szewczyk, Magdalena M and Begeja, Nola and Goss, Siobhan and Zuo, Xiaobing and Loppnau, Peter and Seitova, Alma and Hutchinson, Ashley and Fan, Lixin and Truant, Ray and Schapira Matthieu and Carroll, Jeffrey B. and Heck, Albert J.R. and Lea, Susan M. and Arrowsmith, Cheryl H.},
  journal={Communications Biology},
  volume={4},
  number={1},
  pages={1--16},
  year={2021},
  publisher={Nature Publishing Group}
}

@article{mateus2021transcriptional,
  title={Transcriptional and Post-Transcriptional Polar Effects in Bacterial Gene Deletion Libraries},
  author={Mateus, Andr\'e and Shah, Malay and \textbf{Johannes F. Hevler} and Kurzawa, Nils and Bobonis, Jacob and Typas, Athanasios and Savitski, Mikhail M.},
  journal={Msystems},
  volume={6},
  number={5},
  pages={e00813--21},
  year={2021},
  publisher={American Society for Microbiology 1752 N St., NW, Washington, DC}
}

@article{mateus2020functional,
  title={The functional proteome landscape of Escherichia coli},
  author={Mateus, Andr\'e and \textbf{Johannes F. Hevler} and Bobonis, Jacob and Kurzawa, Nils and Shah, Malay and Mitosch, Karin and Goemans, Camille V. and Helm, Dominic and Stein, Frank and Typas, Athanasios and Savitski, Mikhail M.},
  journal={Nature},
  volume={588},
  number={7838},
  pages={473--478},
  year={2020},
  publisher={Nature Publishing Group}
}

@article{mateus2018thermal,
  title={Thermal proteome profiling in bacteria: probing protein state in vivo},
  author={Mateus, Andr\'e and Bobonis, Jacob and Kurzawa, Nils and Stein, Frank and Helm, Dominic and \textbf{Johannes F. Hevler} and Typas, Athanasios and Savitski, Mikhail M.},
  journal={Molecular systems biology},
  volume={14},
  number={7},
  pages={e8242},
  year={2018}
}