@article{RN5,
   author = {Baek, M. and DiMaio, F. and Anishchenko, I. and Dauparas, J. and Ovchinnikov, S. and Lee, G. R. and Wang, J. and Cong, Q. and Kinch, L. N. and Schaeffer, R. D. and Millan, C. and Park, H. and Adams, C. and Glassman, C. R. and DeGiovanni, A. and Pereira, J. H. and Rodrigues, A. V. and van Dijk, A. A. and Ebrecht, A. C. and Opperman, D. J. and Sagmeister, T. and Buhlheller, C. and Pavkov-Keller, T. and Rathinaswamy, M. K. and Dalwadi, U. and Yip, C. K. and Burke, J. E. and Garcia, K. C. and Grishin, N. V. and Adams, P. D. and Read, R. J. and Baker, D.},
   title = {Accurate prediction of protein structures and interactions using a three-track neural network},
   journal = {Science},
   volume = {373},
   number = {6557},
   pages = {871-+},
   ISSN = {0036-8075},
   DOI = {10.1126/science.abj8754},
   url = {<Go to ISI>://WOS:000686562400029},
   year = {2021},
   type = {Journal Article}
}

@article{RN1,
   author = {Bauerlein, F. J. B. and Baumeister, W.},
   title = {Towards Visual Proteomics at High Resolution},
   journal = {Journal of Molecular Biology},
   volume = {433},
   number = {20},
   ISSN = {0022-2836},
   DOI = {ARTN 167187
10.1016/j.jmb.2021.167187},
   url = {<Go to ISI>://WOS:000713305500015},
   year = {2021},
   type = {Journal Article}
}

@article{RN17,
   author = {Belsom, A. and Schneider, M. and Fischer, L. and Brock, O. and Rappsilber, J.},
   title = {Serum Albumin Domain Structures in Human Blood Serum by Mass Spectrometry and Computational Biology},
   journal = {Molecular \& Cellular Proteomics},
   volume = {15},
   number = {3},
   pages = {1105-1116},
   ISSN = {1535-9476},
   DOI = {10.1074/mcp.M115.048504},
   url = {<Go to ISI>://WOS:000371894700028},
   year = {2016},
   type = {Journal Article}
}

@article{RN43,
   author = {Bullock, J. M. A. and Sen, N. and Thalassinos, K. and Topf, M.},
   title = {Modeling Protein Complexes Using Restraints from Crosslinking Mass Spectrometry},
   journal = {Structure},
   volume = {26},
   number = {7},
   pages = {1015-+},
   ISSN = {0969-2126},
   DOI = {10.1016/j.str.2018.04.016},
   url = {<Go to ISI>://WOS:000437809100011},
   year = {2018},
   type = {Journal Article}
}

@article{RN13,
   author = {Burke, A. M. and Kandur, W. and Novitsky, E. J. and Kaake, R. M. and Yu, C. and Kao, A. and Vellucci, D. and Huang, L. and Rychnovsky, S. D.},
   title = {Synthesis of two new enrichable and MS-cleavable cross-linkers to define protein-protein interactions by mass spectrometry},
   journal = {Org Biomol Chem},
   volume = {13},
   number = {17},
   pages = {5030-7},
   ISSN = {1477-0539 (Electronic)
1477-0520 (Linking)},
   DOI = {10.1039/c5ob00488h},
   url = {https://www.ncbi.nlm.nih.gov/pubmed/25823605},
   year = {2015},
   type = {Journal Article}
}

@article{RN35,
   author = {Carpenter, E. P. and Beis, K. and Cameron, A. D. and Iwata, S.},
   title = {Overcoming the challenges of membrane protein crystallography},
   journal = {Current Opinion in Structural Biology},
   volume = {18},
   number = {5},
   pages = {581-586},
   ISSN = {0959-440x},
   DOI = {10.1016/j.sbi.2008.07.001},
   url = {<Go to ISI>://WOS:000260821300009},
   year = {2008},
   type = {Journal Article}
}

@article{RN25,
   author = {Chavez, J. D. and Keller, A. and Mohr, J. P. and Bruce, J. E.},
   title = {Isobaric Quantitative Protein Interaction Reporter Technology for Comparative Interactome Studies},
   journal = {Analytical Chemistry},
   volume = {92},
   number = {20},
   pages = {14094-14102},
   ISSN = {0003-2700},
   DOI = {10.1021/acs.analchem.0c03128},
   url = {<Go to ISI>://WOS:000584418100064},
   year = {2020},
   type = {Journal Article}
}

@article{RN26,
   author = {Chen, Z. A. and Rappsilber, J.},
   title = {Protein Dynamics in Solution by Quantitative Crosslinking/Mass Spectrometry},
   journal = {Trends in Biochemical Sciences},
   volume = {43},
   number = {11},
   pages = {908-920},
   ISSN = {0968-0004},
   DOI = {10.1016/j.tibs.2018.09.003},
   url = {<Go to ISI>://WOS:000448196100010},
   year = {2018},
   type = {Journal Article}
}

@article{RN27,
   author = {Chen, Z. A. and Rappsilber, J.},
   title = {Quantitative cross-linking/mass spectrometry to elucidate structural changes in proteins and their complexes},
   journal = {Nature Protocols},
   volume = {14},
   number = {1},
   pages = {171-201},
   ISSN = {1754-2189},
   DOI = {10.1038/s41596-018-0089-3},
   url = {<Go to ISI>://WOS:000457108200009},
   year = {2019},
   type = {Journal Article}
}

@article{RN34,
   author = {Chorev, D. S. and Baker, L. A. and Wu, D. and Beilsten-Edmands, V. and Rouse, S. L. and Zeev-Ben-Mordehai, T. and Jiko, C. and Samsudin, F. and Gerle, C. and Khalid, S. and Stewart, A. G. and Matthews, S. J. and Gruenewald, K. and Robinson, C. V.},
   title = {Protein assemblies ejected directly from native membranes yield complexes for mass spectrometry},
   journal = {Science},
   volume = {362},
   number = {6416},
   pages = {829-+},
   ISSN = {0036-8075},
   DOI = {10.1126/science.aau0976},
   url = {<Go to ISI>://WOS:000450488500053},
   year = {2018},
   type = {Journal Article}
}

@article{RN39,
   author = {Feng, Y. and De Franceschi, G. and Kahraman, A. and Soste, M. and Melnik, A. and Boersema, P. J. and de Laureto, P. P. and Nikolaev, Y. and Oliveira, A. P. and Picotti, P.},
   title = {Global analysis of protein structural changes in complex proteomes},
   journal = {Nat Biotechnol},
   volume = {32},
   number = {10},
   pages = {1036-44},
   ISSN = {1546-1696 (Electronic)
1087-0156 (Linking)},
   DOI = {10.1038/nbt.2999},
   url = {https://www.ncbi.nlm.nih.gov/pubmed/25218519},
   year = {2014},
   type = {Journal Article}
}

@article{RN15,
   author = {Finn, M. G. and Fokin, V. V.},
   title = {Click chemistry: function follows form},
   journal = {Chemical Society Reviews},
   volume = {39},
   number = {4},
   pages = {1231-1232},
   ISSN = {0306-0012},
   DOI = {10.1039/c003740k},
   url = {<Go to ISI>://WOS:000275864500001},
   year = {2010},
   type = {Journal Article}
}

@article{RN45,
   author = {Fischer, Elyse S. and Yu, Conny W.H. and Hevler, Johannes F. and McLaughlin, Stephen H. and Maslen, Sarah L. and Heck, Albert J.R. and Freund, Stefan M.V. and Barford, David},
   title = {Juxtaposition of Bub1 and Cdc20 on phosphorylated Mad1 during catalytic mitotic checkpoint complex assembly},
   journal = {Nat Commun},
   volume = {13},
   number = {1},
   pages = {6381},
   ISSN = {2041-1723 (Electronic)
2041-1723 (Linking)},
   DOI = {10.1038/s41467-022-34058-2},
   url = {https://www.ncbi.nlm.nih.gov/pubmed/36289199},
   year = {2022},
   type = {Journal Article}
}

@article{RN19,
   author = {Gomes, A. F. and Gozzo, F. C.},
   title = {Chemical cross-linking with a diazirine photoactivatable cross-linker investigated by MALDI- and ESI-MS/MS},
   journal = {Journal of Mass Spectrometry},
   volume = {45},
   number = {8},
   pages = {892-899},
   ISSN = {1076-5174},
   DOI = {10.1002/jms.1776},
   url = {<Go to ISI>://WOS:000281569100005},
   year = {2010},
   type = {Journal Article}
}

@article{RN24,
   author = {Graziadei, A. and Rappsilber, J.},
   title = {Leveraging crosslinking mass spectrometry in structural and cell biology},
   journal = {Structure},
   volume = {30},
   number = {1},
   pages = {37-54},
   ISSN = {0969-2126},
   DOI = {10.1016/j.str.2021.11.007},
   url = {<Go to ISI>://WOS:000742422300007},
   year = {2022},
   type = {Journal Article}
}

@article{RN18,
   author = {Gutierrez, C. and Salituro, L. J. and Yu, C. and Wang, X. R. and DePeter, S. F. and Rychnovsky, S. D. and Huang, L.},
   title = {Enabling Photoactivated Cross-Linking Mass Spectrometric Analysis of Protein Complexes by Novel MS-Cleavable Cross-Linkers},
   journal = {Molecular \& Cellular Proteomics},
   volume = {20},
   ISSN = {1535-9476},
   DOI = {ARTN 100084
10.1016/j.mcpro.2021.100084},
   url = {<Go to ISI>://WOS:000674921000001},
   year = {2021},
   type = {Journal Article}
}

@article{RN32,
   author = {Haupt, C. and Hofmann, T. and Wittig, S. and Kostmann, S. and Politis, A. and Schmidt, C.},
   title = {Combining Chemical Cross-linking and Mass Spectrometry of Intact Protein Complexes to Study the Architecture of Multi-subunit Protein Assemblies},
   journal = {J Vis Exp},
   number = {129},
   ISSN = {1940-087X (Electronic)
1940-087X (Linking)},
   DOI = {10.3791/56747},
   url = {https://www.ncbi.nlm.nih.gov/pubmed/29286378},
   year = {2017},
   type = {Journal Article}
}

@article{RN16,
   author = {Jiang, P. L. and Wang, C. and Diehl, A. and Viner, R. and Etienne, C. and Nandhikonda, P. and Foster, L. and Bomgarden, R. D. and Liu, F.},
   title = {A Membrane-Permeable and Immobilized Metal Affinity Chromatography (IMAC) Enrichable Cross-Linking Reagent to Advance In Vivo Cross-Linking Mass Spectrometry},
   journal = {Angewandte Chemie-International Edition},
   volume = {61},
   number = {12},
   ISSN = {1433-7851},
   DOI = {ARTN e202113937
10.1002/anie.202113937},
   url = {<Go to ISI>://WOS:000747861200001},
   year = {2022},
   type = {Journal Article}
}

@article{RN4,
   author = {Jumper, J. and Evans, R. and Pritzel, A. and Green, T. and Figurnov, M. and Ronneberger, O. and Tunyasuvunakool, K. and Bates, R. and Zidek, A. and Potapenko, A. and Bridgland, A. and Meyer, C. and Kohl, S. A. A. and Ballard, A. J. and Cowie, A. and Romera-Paredes, B. and Nikolov, S. and Jain, R. and Adler, J. and Back, T. and Petersen, S. and Reiman, D. and Clancy, E. and Zielinski, M. and Steinegger, M. and Pacholska, M. and Berghammer, T. and Bodenstein, S. and Silver, D. and Vinyals, O. and Senior, A. W. and Kavukcuoglu, K. and Kohli, P. and Hassabis, D.},
   title = {Highly accurate protein structure prediction with AlphaFold},
   journal = {Nature},
   volume = {596},
   number = {7873},
   pages = {583-+},
   ISSN = {0028-0836},
   DOI = {10.1038/s41586-021-03819-2},
   url = {<Go to ISI>://WOS:000686117000001},
   year = {2021},
   type = {Journal Article}
}

@article{RN21,
   author = {Knorlein, A. and Sarnowski, C. P. and de Vries, T. and Stoltz, M. and Gotze, M. and Aebersold, R. and Allain, F. H. and Leitner, A. and Hall, J.},
   title = {Nucleotide-amino acid pi-stacking interactions initiate photo cross-linking in RNA-protein complexes},
   journal = {Nat Commun},
   volume = {13},
   number = {1},
   pages = {2719},
   ISSN = {2041-1723 (Electronic)
2041-1723 (Linking)},
   DOI = {10.1038/s41467-022-30284-w},
   url = {https://www.ncbi.nlm.nih.gov/pubmed/35581222},
   year = {2022},
   type = {Journal Article}
}

@article{RN23,
   author = {Krautter, F. and Iqbal, A. J.},
   title = {Glycans and Glycan-Binding Proteins as Regulators and Potential Targets in Leukocyte Recruitment},
   journal = {Frontiers in Cell and Developmental Biology},
   volume = {9},
   ISSN = {2296-634x},
   DOI = {ARTN 624082
10.3389/fcell.2021.624082},
   url = {<Go to ISI>://WOS:000619002000001},
   year = {2021},
   type = {Journal Article}
}

@article{RN42,
   author = {Leitner, A. and Faini, M. and Stengel, F. and Aebersold, R.},
   title = {Crosslinking and Mass Spectrometry: An Integrated Technology to Understand the Structure and Function of Molecular Machines},
   journal = {Trends in Biochemical Sciences},
   volume = {41},
   number = {1},
   pages = {20-32},
   ISSN = {0968-0004},
   DOI = {10.1016/j.tibs.2015.10.008},
   url = {<Go to ISI>://WOS:000368205800005},
   year = {2016},
   type = {Journal Article}
}

@article{RN2,
   author = {Leung, M. R. and Chiozzi, R. Z. and Roelofs, M. C. and Hevler, J. F. and Ravi, R. T. and Maitan, P. and Zhang, M. and Henning, H. and Bromfield, E. G. and Howes, S. C. and Gadella, B. M. and Heck, A. J. R. and Zeev-Ben-Mordehai, T.},
   title = {In-cell structures of conserved supramolecular protein arrays at the mitochondria-cytoskeleton interface in mammalian sperm},
   journal = {Proceedings of the National Academy of Sciences of the United States of America},
   volume = {118},
   number = {45},
   ISSN = {0027-8424},
   DOI = {ARTN e2110996118
10.1073/pnas.2110996118},
   url = {<Go to ISI>://WOS:000720926500019},
   year = {2021},
   type = {Journal Article}
}

@article{RN11,
   author = {Liaci, A. M. and Steigenberger, B. and Telles de Souza, P. C. and Tamara, S. and Grollers-Mulderij, M. and Ogrissek, P. and Marrink, S. J. and Scheltema, R. A. and Forster, F.},
   title = {Structure of the human signal peptidase complex reveals the determinants for signal peptide cleavage},
   journal = {Mol Cell},
   volume = {81},
   number = {19},
   pages = {3934-3948 e11},
   ISSN = {1097-4164 (Electronic)
1097-2765 (Linking)},
   DOI = {10.1016/j.molcel.2021.07.031},
   url = {https://www.ncbi.nlm.nih.gov/pubmed/34388369},
   year = {2021},
   type = {Journal Article}
}

@article{RN38,
   author = {Mateus, A. and Kurzawa, N. and Becher, I. and Sridharan, S. and Helm, D. and Stein, F. and Typas, A. and Savitski, M. M.},
   title = {Thermal proteome profiling for interrogating protein interactions},
   journal = {Molecular Systems Biology},
   volume = {16},
   number = {3},
   ISSN = {1744-4292},
   DOI = {ARTN e9232
10.15252/msb.20199232},
   url = {<Go to ISI>://WOS:000522453400005},
   year = {2020},
   type = {Journal Article}
}

@article{RN29,
   author = {Muller, F. and Kolbowski, L. and Bernhardt, O. M. and Reiter, L. and Rappsilber, J.},
   title = {Data-independent Acquisition Improves Quantitative Cross-linking Mass Spectrometry},
   journal = {Mol Cell Proteomics},
   volume = {18},
   number = {4},
   pages = {786-795},
   ISSN = {1535-9484 (Electronic)
1535-9476 (Linking)},
   DOI = {10.1074/mcp.TIR118.001276},
   url = {https://www.ncbi.nlm.nih.gov/pubmed/30651306},
   year = {2019},
   type = {Journal Article}
}

@article{RN8,
   author = {O'Reilly, F. J. and Rappsilber, J.},
   title = {Cross-linking mass spectrometry: methods and applications in structural, molecular and systems biology},
   journal = {Nature Structural \& Molecular Biology},
   volume = {25},
   number = {11},
   pages = {1000-1008},
   ISSN = {1545-9993},
   DOI = {10.1038/s41594-018-0147-0},
   url = {<Go to ISI>://WOS:000449271800006},
   year = {2018},
   type = {Journal Article}
}

@article{RN30,
   author = {Peterson, A. C. and Russell, J. D. and Bailey, D. J. and Westphall, M. S. and Coon, J. J.},
   title = {Parallel Reaction Monitoring for High Resolution and High Mass Accuracy Quantitative, Targeted Proteomics},
   journal = {Molecular \& Cellular Proteomics},
   volume = {11},
   number = {11},
   pages = {1475-1488},
   ISSN = {1535-9476},
   DOI = {10.1074/mcp.O112.020131},
   url = {<Go to ISI>://WOS:000313277100029},
   year = {2012},
   type = {Journal Article}
}

@article{RN41,
   author = {Piazza, I. and Kochanowski, K. and Cappelletti, V. and Fuhrer, T. and Noor, E. and Sauer, U. and Picotti, P.},
   title = {A Map of Protein-Metabolite Interactions Reveals Principles of Chemical Communication},
   journal = {Cell},
   volume = {172},
   number = {1-2},
   pages = {358-+},
   ISSN = {0092-8674},
   DOI = {10.1016/j.cell.2017.12.006},
   url = {<Go to ISI>://WOS:000419840100031},
   year = {2018},
   type = {Journal Article}
}

@article{RN7,
   author = {Rappsilber, J.},
   title = {The beginning of a beautiful friendship: cross-linking/mass spectrometry and modelling of proteins and multi-protein complexes},
   journal = {J Struct Biol},
   volume = {173},
   number = {3},
   pages = {530-40},
   ISSN = {1095-8657 (Electronic)
1047-8477 (Linking)},
   DOI = {10.1016/j.jsb.2010.10.014},
   url = {https://www.ncbi.nlm.nih.gov/pubmed/21029779},
   year = {2011},
   type = {Journal Article}
}

@article{RN9,
   author = {Ryl, P. S. J. and Bohlke-Schneider, M. and Lenz, S. and Fischer, L. and Budzinski, L. and Stuiver, M. and Mendes, M. M. L. and Sinn, L. and O'Reilly, F. J. and Rappsilber, J.},
   title = {In Situ Structural Restraints from Cross-Linking Mass Spectrometry in Human Mitochondria},
   journal = {J Proteome Res},
   volume = {19},
   number = {1},
   pages = {327-336},
   ISSN = {1535-3907 (Electronic)
1535-3893 (Linking)},
   DOI = {10.1021/acs.jproteome.9b00541},
   url = {https://www.ncbi.nlm.nih.gov/pubmed/31746214},
   year = {2020},
   type = {Journal Article}
}

@article{RN44,
   author = {Schmidt, C. and Urlaub, H.},
   title = {Combining cryo-electron microscopy (cryo-EM) and cross-linking mass spectrometry (CX-MS) for structural elucidation of large protein assemblies},
   journal = {Current Opinion in Structural Biology},
   volume = {46},
   pages = {157-168},
   ISSN = {0959-440x},
   DOI = {10.1016/j.sbi.2017.10.005},
   url = {<Go to ISI>://WOS:000416299600022},
   year = {2017},
   type = {Journal Article}
}

@article{RN40,
   author = {Schopper, S. and Kahraman, A. and Leuenberger, P. and Feng, Y. H. and Piazza, I. and Muller, O. and Boersema, P. J. and Picotti, P.},
   title = {Measuring protein structural changes on a proteome-wide scale using limited proteolysis-coupled mass spectrometry},
   journal = {Nature Protocols},
   volume = {12},
   number = {11},
   pages = {2391-2410},
   ISSN = {1754-2189},
   DOI = {10.1038/nprot.2017.100},
   url = {<Go to ISI>://WOS:000413740400002},
   year = {2017},
   type = {Journal Article}
}

@article{RN33,
   author = {Sinz, A. and Arlt, C. and Chorev, D. and Sharon, M.},
   title = {Chemical cross-linking and native mass spectrometry: A fruitful combination for structural biology},
   journal = {Protein Sci},
   volume = {24},
   number = {8},
   pages = {1193-209},
   ISSN = {1469-896X (Electronic)
0961-8368 (Linking)},
   DOI = {10.1002/pro.2696},
   url = {https://www.ncbi.nlm.nih.gov/pubmed/25970732},
   year = {2015},
   type = {Journal Article}
}

@article{RN6,
   author = {Steigenberger, B. and Albanese, P. and Heck, A. J. R. and Scheltema, R. A.},
   title = {To Cleave or Not To Cleave in XL-MS?},
   journal = {J Am Soc Mass Spectrom},
   volume = {31},
   number = {2},
   pages = {196-206},
   ISSN = {1879-1123 (Electronic)
1044-0305 (Linking)},
   DOI = {10.1021/jasms.9b00085},
   url = {https://www.ncbi.nlm.nih.gov/pubmed/32031400},
   year = {2020},
   type = {Journal Article}
}

@article{RN14,
   author = {Steigenberger, B. and Pieters, R. J. and Heck, A. J. R. and Scheltema, R. A.},
   title = {PhoX: An IMAC-Enrichable Cross-Linking Reagent},
   journal = {ACS Cent Sci},
   volume = {5},
   number = {9},
   pages = {1514-1522},
   ISSN = {2374-7943 (Print)
2374-7943 (Linking)},
   DOI = {10.1021/acscentsci.9b00416},
   url = {https://www.ncbi.nlm.nih.gov/pubmed/31572778},
   year = {2019},
   type = {Journal Article}
}

@article{RN31,
   author = {Tamara, S. and den Boer, M. A. and Heck, A. J. R.},
   title = {High-Resolution Native Mass Spectrometry},
   journal = {Chem Rev},
   volume = {122},
   number = {8},
   pages = {7269-7326},
   ISSN = {1520-6890 (Electronic)
0009-2665 (Linking)},
   DOI = {10.1021/acs.chemrev.1c00212},
   url = {https://www.ncbi.nlm.nih.gov/pubmed/34415162},
   year = {2022},
   type = {Journal Article}
}

@article{RN36,
   author = {Vinothkumar, K. R. and Henderson, R.},
   title = {Structures of membrane proteins},
   journal = {Quarterly Reviews of Biophysics},
   volume = {43},
   number = {1},
   pages = {65-158},
   ISSN = {0033-5835},
   DOI = {10.1017/S0033583510000041},
   url = {<Go to ISI>://WOS:000280914400003},
   year = {2010},
   type = {Journal Article}
}

@article{RN20,
   author = {West, A. V. and Muncipinto, G. and Wu, H. Y. and Huang, A. C. and Labenski, M. T. and Jones, L. H. and Woo, C. M.},
   title = {Labeling Preferences of Diazirines with Protein Biomolecules},
   journal = {Journal of the American Chemical Society},
   volume = {143},
   number = {17},
   pages = {6691-6700},
   ISSN = {0002-7863},
   DOI = {10.1021/jacs.1c02509},
   url = {<Go to ISI>://WOS:000648704100045},
   year = {2021},
   type = {Journal Article}
}

@article{RN10,
   author = {Wheat, A. and Yu, C. and Wang, X. R. and Burke, A. M. and Chemmama, I. E. and Kaake, R. M. and Baker, P. and Rychnovsky, S. D. and Yang, J. and Huang, L.},
   title = {Protein interaction landscapes revealed by advanced in vivo cross-linking-mass spectrometry},
   journal = {Proceedings of the National Academy of Sciences of the United States of America},
   volume = {118},
   number = {32},
   ISSN = {0027-8424},
   DOI = {ARTN e2023360118
10.1073/pnas.2023360118},
   url = {<Go to ISI>://WOS:000685043600017},
   year = {2021},
   type = {Journal Article}
}

@article{RN3,
   author = {Wittig, I. and Carrozzo, R. and Santorelli, F. M. and Schagger, H.},
   title = {Supercomplexes and subcomplexes of mitochondrial oxidative phosphorylation},
   journal = {Biochimica Et Biophysica Acta-Bioenergetics},
   volume = {1757},
   number = {9-10},
   pages = {1066-1072},
   ISSN = {0005-2728},
   DOI = {10.1016/j.bbabio.2006.05.006},
   url = {<Go to ISI>://WOS:000241639600002},
   year = {2006},
   type = {Journal Article}
}

@article{RN22,
   author = {Wu, H. and Shajahan, A. and Yang, J. Y. and Capota, E. and Wands, A. M. and Arthur, C. M. and Stowell, S. R. and Moremen, K. W. and Azadi, P. and Kohler, J. J.},
   title = {A photo-cross-linking GlcNAc analog enables covalent capture of N-linked glycoprotein-binding partners on the cell surface},
   journal = {Cell Chemical Biology},
   volume = {29},
   number = {1},
   pages = {84-+},
   ISSN = {2451-9448},
   DOI = {10.1016/j.chembiol.2021.07.007},
   url = {<Go to ISI>://WOS:000746490400010},
   year = {2022},
   type = {Journal Article}
}

@article{RN37,
   author = {Yin, H. and Flynn, A. D.},
   title = {Drugging Membrane Protein Interactions},
   journal = {Annual Review of Biomedical Engineering, Vol 18},
   volume = {18},
   pages = {51-76},
   ISSN = {1523-9829},
   DOI = {10.1146/annurev-bioeng-092115-025322},
   url = {<Go to ISI>://WOS:000381634700003},
   year = {2016},
   type = {Journal Article}
}

@article{RN12,
   author = {Yu, C. and Huang, L.},
   title = {Cross-Linking Mass Spectrometry: An Emerging Technology for Interactomics and Structural Biology},
   journal = {Analytical Chemistry},
   volume = {90},
   number = {1},
   pages = {144-165},
   ISSN = {0003-2700},
   DOI = {10.1021/acs.analchem.7b04431},
   url = {<Go to ISI>://WOS:000419419200009},
   year = {2018},
   type = {Journal Article}
}

@article{RN28,
   author = {Yu, C. and Huszagh, A. and Viner, R. and Novitsky, E. J. and Rychnovsky, S. D. and Huang, L.},
   title = {Developing a Multiplexed Quantitative Cross-Linking Mass Spectrometry Platform for Comparative Structural Analysis of Protein Complexes},
   journal = {Analytical Chemistry},
   volume = {88},
   number = {20},
   pages = {10301-10308},
   ISSN = {0003-2700},
   DOI = {10.1021/acs.analchem.6b03148},
   url = {<Go to ISI>://WOS:000385907400059},
   year = {2016},
   type = {Journal Article}
}

