@article{Ainavarapu_2007,
   author = {Ainavarapu, S. R. and Brujic, J. and Huang, H. H. and Wiita, A. P. and Lu, H. and Li, L. and Walther, K. A. and Carrion-Vazquez, M. and Li, H. and Fernandez, J. M.},
   title = {Contour length and refolding rate of a small protein controlled by engineered disulfide bonds},
   journal = {Biophys J},
   volume = {92},
   number = {1},
   pages = {225-33},
   ISSN = {0006-3495 (Print)
0006-3495 (Linking)},
   DOI = {10.1529/biophysj.106.091561},
   url = {https://www.ncbi.nlm.nih.gov/pubmed/17028145},
   year = {2007},
   type = {Journal Article}
}

@article{Albanese_2020,
   author = {Albanese, P. and Tamara, S. and Saracco, G. and Scheltema, R. A. and Pagliano, C.},
   title = {How paired PSII-LHCII supercomplexes mediate the stacking of plant thylakoid membranes unveiled by structural mass-spectrometry},
   journal = {Nat Commun},
   volume = {11},
   number = {1},
   pages = {1361},
   ISSN = {2041-1723 (Electronic)
2041-1723 (Linking)},
   DOI = {10.1038/s41467-020-15184-1},
   url = {https://www.ncbi.nlm.nih.gov/pubmed/32170184},
   year = {2020},
   type = {Journal Article}
}

@article{Aleshin_2012,
   author = {Aleshin, A. E. and Schraufstatter, I. U. and Stec, B. and Bankston, L. A. and Liddington, R. C. and DiScipio, R. G.},
   title = {Structure of complement C6 suggests a mechanism for initiation and unidirectional, sequential assembly of membrane attack complex (MAC)},
   journal = {J Biol Chem},
   volume = {287},
   number = {13},
   pages = {10210-22},
   ISSN = {1083-351X (Electronic)
0021-9258 (Linking)},
   DOI = {10.1074/jbc.M111.327809},
   url = {https://www.ncbi.nlm.nih.gov/pubmed/22267737},
   year = {2012},
   type = {Journal Article}
}

@article{Bajic_2015,
   author = {Bajic, G. and Degn, S. E. and Thiel, S. and Andersen, G. R.},
   title = {Complement activation, regulation, and molecular basis for complement-related diseases},
   journal = {EMBO J},
   volume = {34},
   number = {22},
   pages = {2735-57},
   ISSN = {1460-2075 (Electronic)
0261-4189 (Linking)},
   DOI = {10.15252/embj.201591881},
   url = {https://www.ncbi.nlm.nih.gov/pubmed/26489954},
   year = {2015},
   type = {Journal Article}
}

@article{Bayly-Jones_2017,
   author = {Bayly-Jones, C. and Bubeck, D. and Dunstone, M. A.},
   title = {The mystery behind membrane insertion: a review of the complement membrane attack complex},
   journal = {Philos Trans R Soc Lond B Biol Sci},
   volume = {372},
   number = {1726},
   ISSN = {1471-2970 (Electronic)
0962-8436 (Linking)},
   DOI = {10.1098/rstb.2016.0221},
   url = {https://www.ncbi.nlm.nih.gov/pubmed/28630159},
   year = {2017},
   type = {Journal Article}
}

@article{Beveridge_2020,
   author = {Beveridge, R. and Stadlmann, J. and Penninger, J. M. and Mechtler, K.},
   title = {A synthetic peptide library for benchmarking crosslinking-mass spectrometry search engines for proteins and protein complexes},
   journal = {Nat Commun},
   volume = {11},
   number = {1},
   pages = {742},
   ISSN = {2041-1723 (Electronic)
2041-1723 (Linking)},
   DOI = {10.1038/s41467-020-14608-2},
   url = {https://www.ncbi.nlm.nih.gov/pubmed/32029734},
   year = {2020},
   type = {Journal Article}
}

@article{Bullock_2018,
   author = {Bullock, J. M. A. and Sen, N. and Thalassinos, K. and Topf, M.},
   title = {Modeling Protein Complexes Using Restraints from Crosslinking Mass Spectrometry},
   journal = {Structure},
   volume = {26},
   number = {7},
   pages = {1015-1024 e2},
   ISSN = {1878-4186 (Electronic)
0969-2126 (Linking)},
   DOI = {10.1016/j.str.2018.04.016},
   url = {https://www.ncbi.nlm.nih.gov/pubmed/29804821},
   year = {2018},
   type = {Journal Article}
}

@article{Chen_2019a,
   author = {Chen, Z. A. and Rappsilber, J.},
   title = {Quantitative cross-linking/mass spectrometry to elucidate structural changes in proteins and their complexes},
   journal = {Nat Protoc},
   volume = {14},
   number = {1},
   pages = {171-201},
   ISSN = {1750-2799 (Electronic)
1750-2799 (Linking)},
   DOI = {10.1038/s41596-018-0089-3},
   url = {https://www.ncbi.nlm.nih.gov/pubmed/30559374},
   year = {2019},
   type = {Journal Article}
}

@article{Chen_2019b,
   author = {Chen, Z. L. and Meng, J. M. and Cao, Y. and Yin, J. L. and Fang, R. Q. and Fan, S. B. and Liu, C. and Zeng, W. F. and Ding, Y. H. and Tan, D. and Wu, L. and Zhou, W. J. and Chi, H. and Sun, R. X. and Dong, M. Q. and He, S. M.},
   title = {A high-speed search engine pLink 2 with systematic evaluation for proteome-scale identification of cross-linked peptides},
   journal = {Nat Commun},
   volume = {10},
   number = {1},
   pages = {3404},
   ISSN = {2041-1723 (Electronic)
2041-1723 (Linking)},
   DOI = {10.1038/s41467-019-11337-z},
   url = {https://www.ncbi.nlm.nih.gov/pubmed/31363125},
   year = {2019},
   type = {Journal Article}
}

@article{Combe_2015,
   author = {Combe, C. W. and Fischer, L. and Rappsilber, J.},
   title = {xiNET: Cross-link Network Maps With Residue Resolution},
   journal = {Molecular \& Cellular Proteomics},
   volume = {14},
   number = {4},
   pages = {1137-1147},
   ISSN = {1535-9476},
   DOI = {10.1074/mcp.O114.042259},
   url = {<Go to ISI>://WOS:000352194400026},
   year = {2015},
   type = {Journal Article}
}

@article{Cox_2008,
   author = {Cox, J. and Mann, M.},
   title = {MaxQuant enables high peptide identification rates, individualized p.p.b.-range mass accuracies and proteome-wide protein quantification},
   journal = {Nat Biotechnol},
   volume = {26},
   number = {12},
   pages = {1367-72},
   ISSN = {1546-1696 (Electronic)
1087-0156 (Linking)},
   DOI = {10.1038/nbt.1511},
   url = {https://www.ncbi.nlm.nih.gov/pubmed/19029910},
   year = {2008},
   type = {Journal Article}
}

@article{Dau_2019,
   author = {Dau, T. and Gupta, K. and Berger, I. and Rappsilber, J.},
   title = {Sequential Digestion with Trypsin and Elastase in Cross-Linking Mass Spectrometry},
   journal = {Anal Chem},
   volume = {91},
   number = {7},
   pages = {4472-4478},
   ISSN = {1520-6882 (Electronic)
0003-2700 (Linking)},
   DOI = {10.1021/acs.analchem.8b05222},
   url = {https://www.ncbi.nlm.nih.gov/pubmed/30817130},
   year = {2019},
   type = {Journal Article}
}

@article{de_Souza_2020,
   author = {de Souza, N. and Picotti, P.},
   title = {Mass spectrometry analysis of the structural proteome},
   journal = {Curr Opin Struct Biol},
   volume = {60},
   pages = {57-65},
   ISSN = {1879-033X (Electronic)
0959-440X (Linking)},
   DOI = {10.1016/j.sbi.2019.10.006},
   url = {https://www.ncbi.nlm.nih.gov/pubmed/31841731},
   year = {2020},
   type = {Journal Article}
}

@article{DiScipio_1988,
   author = {DiScipio, R. G. and Chakravarti, D. N. and Muller-Eberhard, H. J. and Fey, G. H.},
   title = {The structure of human complement component C7 and the C5b-7 complex},
   journal = {J Biol Chem},
   volume = {263},
   number = {1},
   pages = {549-60},
   ISSN = {0021-9258 (Print)
0021-9258 (Linking)},
   url = {https://www.ncbi.nlm.nih.gov/pubmed/3335508},
   year = {1988},
   type = {Journal Article}
}

@article{DiScipio_1989,
   author = {DiScipio, R. G. and Hugli, T. E.},
   title = {The molecular architecture of human complement component C6},
   journal = {J Biol Chem},
   volume = {264},
   number = {27},
   pages = {16197-206},
   ISSN = {0021-9258 (Print)
0021-9258 (Linking)},
   url = {https://www.ncbi.nlm.nih.gov/pubmed/2789218},
   year = {1989},
   type = {Journal Article}
}

@article{Esser_1994,
   author = {Esser, A. F.},
   title = {The membrane attack complex of complement. Assembly, structure and cytotoxic activity},
   journal = {Toxicology},
   volume = {87},
   number = {1-3},
   pages = {229-47},
   ISSN = {0300-483X (Print)
0300-483X (Linking)},
   DOI = {10.1016/0300-483x(94)90253-4},
   url = {https://www.ncbi.nlm.nih.gov/pubmed/8160186},
   year = {1994},
   type = {Journal Article}
}

@article{Feng_2014,
   author = {Feng, Y. and De Franceschi, G. and Kahraman, A. and Soste, M. and Melnik, A. and Boersema, P. J. and de Laureto, P. P. and Nikolaev, Y. and Oliveira, A. P. and Picotti, P.},
   title = {Global analysis of protein structural changes in complex proteomes},
   journal = {Nat Biotechnol},
   volume = {32},
   number = {10},
   pages = {1036-44},
   ISSN = {1546-1696 (Electronic)
1087-0156 (Linking)},
   DOI = {10.1038/nbt.2999},
   url = {https://www.ncbi.nlm.nih.gov/pubmed/25218519},
   year = {2014},
   type = {Journal Article}
}

@article{Fredslund_2008,
   author = {Fredslund, F. and Laursen, N. S. and Roversi, P. and Jenner, L. and Oliveira, C. L. and Pedersen, J. S. and Nunn, M. A. and Lea, S. M. and Discipio, R. and Sottrup-Jensen, L. and Andersen, G. R.},
   title = {Structure of and influence of a tick complement inhibitor on human complement component 5},
   journal = {Nat Immunol},
   volume = {9},
   number = {7},
   pages = {753-60},
   ISSN = {1529-2916 (Electronic)
1529-2908 (Linking)},
   DOI = {10.1038/ni.1625},
   url = {https://www.ncbi.nlm.nih.gov/pubmed/18536718},
   year = {2008},
   type = {Journal Article}
}

@article{Gledhill_2007,
   author = {Gledhill, J. R. and Montgomery, M. G. and Leslie, A. G. and Walker, J. E.},
   title = {How the regulatory protein, IF(1), inhibits F(1)-ATPase from bovine mitochondria},
   journal = {Proc Natl Acad Sci U S A},
   volume = {104},
   number = {40},
   pages = {15671-6},
   ISSN = {0027-8424 (Print)
0027-8424 (Linking)},
   DOI = {10.1073/pnas.0707326104},
   url = {https://www.ncbi.nlm.nih.gov/pubmed/17895376},
   year = {2007},
   type = {Journal Article}
}

@article{Gotze_2019,
   author = {Gotze, M. and Iacobucci, C. and Ihling, C. H. and Sinz, A.},
   title = {A Simple Cross-Linking/Mass Spectrometry Workflow for Studying System-wide Protein Interactions},
   journal = {Anal Chem},
   volume = {91},
   number = {15},
   pages = {10236-10244},
   ISSN = {1520-6882 (Electronic)
0003-2700 (Linking)},
   DOI = {10.1021/acs.analchem.9b02372},
   url = {https://www.ncbi.nlm.nih.gov/pubmed/31283178},
   year = {2019},
   type = {Journal Article}
}

@article{Grant_2006,
   author = {Grant, B. J. and Rodrigues, A. P. and ElSawy, K. M. and McCammon, J. A. and Caves, L. S.},
   title = {Bio3d: an R package for the comparative analysis of protein structures},
   journal = {Bioinformatics},
   volume = {22},
   number = {21},
   pages = {2695-6},
   ISSN = {1367-4811 (Electronic)
1367-4803 (Linking)},
   DOI = {10.1093/bioinformatics/btl461},
   url = {https://www.ncbi.nlm.nih.gov/pubmed/16940322},
   year = {2006},
   type = {Journal Article}
}

@article{Gu_2014,
   author = {Gu, Z. and Gu, L. and Eils, R. and Schlesner, M. and Brors, B.},
   title = {circlize Implements and enhances circular visualization in R},
   journal = {Bioinformatics},
   volume = {30},
   number = {19},
   pages = {2811-2},
   ISSN = {1367-4811 (Electronic)
1367-4803 (Linking)},
   DOI = {10.1093/bioinformatics/btu393},
   url = {https://www.ncbi.nlm.nih.gov/pubmed/24930139},
   year = {2014},
   type = {Journal Article}
}

@article{Hadders_2012,
   author = {Hadders, M. A. and Bubeck, D. and Roversi, P. and Hakobyan, S. and Forneris, F. and Morgan, B. P. and Pangburn, M. K. and Llorca, O. and Lea, S. M. and Gros, P.},
   title = {Assembly and regulation of the membrane attack complex based on structures of C5b6 and sC5b9},
   journal = {Cell Rep},
   volume = {1},
   number = {3},
   pages = {200-7},
   ISSN = {2211-1247 (Electronic)},
   DOI = {10.1016/j.celrep.2012.02.003},
   url = {https://www.ncbi.nlm.nih.gov/pubmed/22832194},
   year = {2012},
   type = {Journal Article}
}

@article{Heck_2008,
   author = {Heck, A. J.},
   title = {Native mass spectrometry: a bridge between interactomics and structural biology},
   journal = {Nat Methods},
   volume = {5},
   number = {11},
   pages = {927-33},
   ISSN = {1548-7105 (Electronic)
1548-7091 (Linking)},
   DOI = {10.1038/nmeth.1265},
   url = {https://www.ncbi.nlm.nih.gov/pubmed/18974734},
   year = {2008},
   type = {Journal Article}
}

@article{Henry_2018,
   author = {Henry, N. and Krammer, E. M. and Stengel, F. and Adams, Q. and Van Liefferinge, F. and Hubin, E. and Chaves, R. and Efremov, R. and Aebersold, R. and Vandenbussche, G. and Prevost, M. and Raussens, V. and Deroo, S.},
   title = {Lipidated apolipoprotein E4 structure and its receptor binding mechanism determined by a combined cross-linking coupled to mass spectrometry and molecular dynamics approach},
   journal = {PLoS Comput Biol},
   volume = {14},
   number = {6},
   pages = {e1006165},
   ISSN = {1553-7358 (Electronic)
1553-734X (Linking)},
   DOI = {10.1371/journal.pcbi.1006165},
   url = {https://www.ncbi.nlm.nih.gov/pubmed/29933361},
   year = {2018},
   type = {Journal Article}
}

@article{Iacobucci_2018,
   author = {Iacobucci, C. and Gotze, M. and Ihling, C. H. and Piotrowski, C. and Arlt, C. and Schafer, M. and Hage, C. and Schmidt, R. and Sinz, A.},
   title = {A cross-linking/mass spectrometry workflow based on MS-cleavable cross-linkers and the MeroX software for studying protein structures and protein-protein interactions},
   journal = {Nat Protoc},
   volume = {13},
   number = {12},
   pages = {2864-2889},
   ISSN = {1750-2799 (Electronic)
1750-2799 (Linking)},
   DOI = {10.1038/s41596-018-0068-8},
   url = {https://www.ncbi.nlm.nih.gov/pubmed/30382245},
   year = {2018},
   type = {Journal Article}
}

@article{Iacobucci_2019,
   author = {Iacobucci, C. and Gotze, M. and Sinz, A.},
   title = {Cross-linking/mass spectrometry to get a closer view on protein interaction networks},
   journal = {Curr Opin Biotechnol},
   volume = {63},
   pages = {48-53},
   ISSN = {1879-0429 (Electronic)
0958-1669 (Linking)},
   DOI = {10.1016/j.copbio.2019.12.009},
   url = {https://www.ncbi.nlm.nih.gov/pubmed/31891863},
   year = {2019},
   type = {Journal Article}
}

@article{John_2003,
   author = {John, B. and Sali, A.},
   title = {Comparative protein structure modeling by iterative alignment, model building and model assessment},
   journal = {Nucleic Acids Res},
   volume = {31},
   number = {14},
   pages = {3982-92},
   ISSN = {1362-4962 (Electronic)
0305-1048 (Linking)},
   DOI = {10.1093/nar/gkg460},
   url = {https://www.ncbi.nlm.nih.gov/pubmed/12853614},
   year = {2003},
   type = {Journal Article}
}

@article{Kao_2011,
   author = {Kao, A. and Chiu, C. L. and Vellucci, D. and Yang, Y. and Patel, V. R. and Guan, S. and Randall, A. and Baldi, P. and Rychnovsky, S. D. and Huang, L.},
   title = {Development of a novel cross-linking strategy for fast and accurate identification of cross-linked peptides of protein complexes},
   journal = {Mol Cell Proteomics},
   volume = {10},
   number = {1},
   pages = {M110 002212},
   ISSN = {1535-9484 (Electronic)
1535-9476 (Linking)},
   DOI = {10.1074/mcp.M110.002212},
   url = {https://www.ncbi.nlm.nih.gov/pubmed/20736410},
   year = {2011},
   type = {Journal Article}
}

@article{Karaca_2011,
   author = {Karaca, E. and Bonvin, A. M.},
   title = {A multidomain flexible docking approach to deal with large conformational changes in the modeling of biomolecular complexes},
   journal = {Structure},
   volume = {19},
   number = {4},
   pages = {555-65},
   ISSN = {1878-4186 (Electronic)
0969-2126 (Linking)},
   DOI = {10.1016/j.str.2011.01.014},
   url = {https://www.ncbi.nlm.nih.gov/pubmed/21481778},
   year = {2011},
   type = {Journal Article}
}

@article{Kaur_2019,
   author = {Kaur, U. and Johnson, D. T. and Chea, E. E. and Deredge, D. J. and Espino, J. A. and Jones, L. M.},
   title = {Evolution of Structural Biology through the Lens of Mass Spectrometry},
   journal = {Anal Chem},
   volume = {91},
   number = {1},
   pages = {142-155},
   ISSN = {1520-6882 (Electronic)
0003-2700 (Linking)},
   DOI = {10.1021/acs.analchem.8b05014},
   url = {https://www.ncbi.nlm.nih.gov/pubmed/30457831},
   year = {2019},
   type = {Journal Article}
}

@article{Kim_2018,
   author = {Kim, S. J. and Fernandez-Martinez, J. and Nudelman, I. and Shi, Y. and Zhang, W. and Raveh, B. and Herricks, T. and Slaughter, B. D. and Hogan, J. A. and Upla, P. and Chemmama, I. E. and Pellarin, R. and Echeverria, I. and Shivaraju, M. and Chaudhury, A. S. and Wang, J. and Williams, R. and Unruh, J. R. and Greenberg, C. H. and Jacobs, E. Y. and Yu, Z. and de la Cruz, M. J. and Mironska, R. and Stokes, D. L. and Aitchison, J. D. and Jarrold, M. F. and Gerton, J. L. and Ludtke, S. J. and Akey, C. W. and Chait, B. T. and Sali, A. and Rout, M. P.},
   title = {Integrative structure and functional anatomy of a nuclear pore complex},
   journal = {Nature},
   volume = {555},
   number = {7697},
   pages = {475-482},
   ISSN = {1476-4687 (Electronic)
0028-0836 (Linking)},
   DOI = {10.1038/nature26003},
   url = {https://www.ncbi.nlm.nih.gov/pubmed/29539637},
   year = {2018},
   type = {Journal Article}
}

@article{Klykov_2018,
   author = {Klykov, O. and Steigenberger, B. and Pektas, S. and Fasci, D. and Heck, A. J. R. and Scheltema, R. A.},
   title = {Efficient and robust proteome-wide approaches for cross-linking mass spectrometry},
   journal = {Nat Protoc},
   volume = {13},
   number = {12},
   pages = {2964-2990},
   ISSN = {1750-2799 (Electronic)
1750-2799 (Linking)},
   DOI = {10.1038/s41596-018-0074-x},
   url = {https://www.ncbi.nlm.nih.gov/pubmed/30446747},
   year = {2018},
   type = {Journal Article}
}

@article{Koukos_2020,
   author = {Koukos, P. I. and Bonvin, Amjj},
   title = {Integrative Modelling of Biomolecular Complexes},
   journal = {J Mol Biol},
   volume = {432},
   number = {9},
   pages = {2861-2881},
   ISSN = {1089-8638 (Electronic)
0022-2836 (Linking)},
   DOI = {10.1016/j.jmb.2019.11.009},
   url = {https://www.ncbi.nlm.nih.gov/pubmed/31783069},
   year = {2020},
   type = {Journal Article}
}

@article{Krissinel_2004,
   author = {Krissinel, E. and Henrick, K.},
   title = {Secondary-structure matching (SSM), a new tool for fast protein structure alignment in three dimensions},
   journal = {Acta Crystallogr D Biol Crystallogr},
   volume = {60},
   number = {Pt 12 Pt 1},
   pages = {2256-68},
   ISSN = {0907-4449 (Print)
0907-4449 (Linking)},
   DOI = {10.1107/S0907444904026460},
   url = {https://www.ncbi.nlm.nih.gov/pubmed/15572779},
   year = {2004},
   type = {Journal Article}
}

@article{Leitner_2016,
   author = {Leitner, A. and Faini, M. and Stengel, F. and Aebersold, R.},
   title = {Crosslinking and Mass Spectrometry: An Integrated Technology to Understand the Structure and Function of Molecular Machines},
   journal = {Trends Biochem Sci},
   volume = {41},
   number = {1},
   pages = {20-32},
   ISSN = {0968-0004 (Print)
0968-0004 (Linking)},
   DOI = {10.1016/j.tibs.2015.10.008},
   url = {https://www.ncbi.nlm.nih.gov/pubmed/26654279},
   year = {2016},
   type = {Journal Article}
}

@article{Leitner_2012,
   author = {Leitner, A. and Reischl, R. and Walzthoeni, T. and Herzog, F. and Bohn, S. and Forster, F. and Aebersold, R.},
   title = {Expanding the chemical cross-linking toolbox by the use of multiple proteases and enrichment by size exclusion chromatography},
   journal = {Mol Cell Proteomics},
   volume = {11},
   number = {3},
   pages = {M111 014126},
   ISSN = {1535-9484 (Electronic)
1535-9476 (Linking)},
   DOI = {10.1074/mcp.M111.014126},
   url = {https://www.ncbi.nlm.nih.gov/pubmed/22286754},
   year = {2012},
   type = {Journal Article}
}

@article{Leitner_2010,
   author = {Leitner, A. and Walzthoeni, T. and Kahraman, A. and Herzog, F. and Rinner, O. and Beck, M. and Aebersold, R.},
   title = {Probing native protein structures by chemical cross-linking, mass spectrometry, and bioinformatics},
   journal = {Mol Cell Proteomics},
   volume = {9},
   number = {8},
   pages = {1634-49},
   ISSN = {1535-9484 (Electronic)
1535-9476 (Linking)},
   DOI = {10.1074/mcp.R000001-MCP201},
   url = {https://www.ncbi.nlm.nih.gov/pubmed/20360032},
   year = {2010},
   type = {Journal Article}
}

@article{Liu_2018,
   author = {Liu, F. and Lossl, P. and Rabbitts, B. M. and Balaban, R. S. and Heck, A. J. R.},
   title = {The interactome of intact mitochondria by cross-linking mass spectrometry provides evidence for coexisting respiratory supercomplexes},
   journal = {Mol Cell Proteomics},
   volume = {17},
   number = {2},
   pages = {216-232},
   ISSN = {1535-9484 (Electronic)
1535-9476 (Linking)},
   DOI = {10.1074/mcp.RA117.000470},
   url = {https://www.ncbi.nlm.nih.gov/pubmed/29222160},
   year = {2018},
   type = {Journal Article}
}

@article{Liu_2017,
   author = {Liu, F. and Lossl, P. and Scheltema, R. and Viner, R. and Heck, A. J. R.},
   title = {Optimized fragmentation schemes and data analysis strategies for proteome-wide cross-link identification},
   journal = {Nat Commun},
   volume = {8},
   pages = {15473},
   ISSN = {2041-1723 (Electronic)
2041-1723 (Linking)},
   DOI = {10.1038/ncomms15473},
   url = {https://www.ncbi.nlm.nih.gov/pubmed/28524877},
   year = {2017},
   type = {Journal Article}
}

@article{Liu_2014,
   author = {Liu, Z. and Szarecka, A. and Yonkunas, M. and Speranskiy, K. and Kurnikova, M. and Cascio, M.},
   title = {Crosslinking constraints and computational models as complementary tools in modeling the extracellular domain of the glycine receptor},
   journal = {PLoS One},
   volume = {9},
   number = {7},
   pages = {e102571},
   ISSN = {1932-6203 (Electronic)
1932-6203 (Linking)},
   DOI = {10.1371/journal.pone.0102571},
   url = {https://www.ncbi.nlm.nih.gov/pubmed/25025226},
   year = {2014},
   type = {Journal Article}
}

@article{Lossl_2016,
   author = {Lossl, P. and van de Waterbeemd, M. and Heck, A. J.},
   title = {The diverse and expanding role of mass spectrometry in structural and molecular biology},
   journal = {EMBO J},
   volume = {35},
   number = {24},
   pages = {2634-2657},
   ISSN = {1460-2075 (Electronic)
0261-4189 (Linking)},
   DOI = {10.15252/embj.201694818},
   url = {https://www.ncbi.nlm.nih.gov/pubmed/27797822},
   year = {2016},
   type = {Journal Article}
}

@article{Lovelace_2011,
   author = {Lovelace, L. L. and Cooper, C. L. and Sodetz, J. M. and Lebioda, L.},
   title = {Structure of human C8 protein provides mechanistic insight into membrane pore formation by complement},
   journal = {J Biol Chem},
   volume = {286},
   number = {20},
   pages = {17585-92},
   ISSN = {1083-351X (Electronic)
0021-9258 (Linking)},
   DOI = {10.1074/jbc.M111.219766},
   url = {https://www.ncbi.nlm.nih.gov/pubmed/21454577},
   year = {2011},
   type = {Journal Article}
}

@article{Mannige_2014,
   author = {Mannige, R. V.},
   title = {Dynamic New World: Refining Our View of Protein Structure, Function and Evolution},
   journal = {Proteomes},
   volume = {2},
   number = {1},
   pages = {128-153},
   ISSN = {2227-7382 (Print)
2227-7382 (Linking)},
   DOI = {10.3390/proteomes2010128},
   url = {https://www.ncbi.nlm.nih.gov/pubmed/28250374},
   year = {2014},
   type = {Journal Article}
}

@article{Matthew_Allen_Bullock_2016,
   author = {Matthew Allen Bullock, J. and Schwab, J. and Thalassinos, K. and Topf, M.},
   title = {The Importance of Non-accessible Crosslinks and Solvent Accessible Surface Distance in Modeling Proteins with Restraints From Crosslinking Mass Spectrometry},
   journal = {Mol Cell Proteomics},
   volume = {15},
   number = {7},
   pages = {2491-500},
   ISSN = {1535-9484 (Electronic)
1535-9476 (Linking)},
   DOI = {10.1074/mcp.M116.058560},
   url = {https://www.ncbi.nlm.nih.gov/pubmed/27150526},
   year = {2016},
   type = {Journal Article}
}

@article{Melo_2002,
   author = {Melo, F. and Sanchez, R. and Sali, A.},
   title = {Statistical potentials for fold assessment},
   journal = {Protein Sci},
   volume = {11},
   number = {2},
   pages = {430-48},
   ISSN = {0961-8368 (Print)
0961-8368 (Linking)},
   DOI = {10.1002/pro.110430},
   url = {https://www.ncbi.nlm.nih.gov/pubmed/11790853},
   year = {2002},
   type = {Journal Article}
}

@article{Mendes_2019,
   author = {Mendes, M. L. and Fischer, L. and Chen, Z. A. and Barbon, M. and O'Reilly, F. J. and Giese, S. H. and Bohlke-Schneider, M. and Belsom, A. and Dau, T. and Combe, C. W. and Graham, M. and Eisele, M. R. and Baumeister, W. and Speck, C. and Rappsilber, J.},
   title = {An integrated workflow for crosslinking mass spectrometry},
   journal = {Mol Syst Biol},
   volume = {15},
   number = {9},
   pages = {e8994},
   ISSN = {1744-4292 (Electronic)
1744-4292 (Linking)},
   DOI = {10.15252/msb.20198994},
   url = {https://www.ncbi.nlm.nih.gov/pubmed/31556486},
   year = {2019},
   type = {Journal Article}
}

@article{Menny_2018,
   author = {Menny, A. and Serna, M. and Boyd, C. M. and Gardner, S. and Joseph, A. P. and Morgan, B. P. and Topf, M. and Brooks, N. J. and Bubeck, D.},
   title = {CryoEM reveals how the complement membrane attack complex ruptures lipid bilayers},
   journal = {Nat Commun},
   volume = {9},
   number = {1},
   pages = {5316},
   ISSN = {2041-1723 (Electronic)
2041-1723 (Linking)},
   DOI = {10.1038/s41467-018-07653-5},
   url = {https://www.ncbi.nlm.nih.gov/pubmed/30552328},
   year = {2018},
   type = {Journal Article}
}

@article{Muller_2010,
   author = {Muller, M. Q. and Dreiocker, F. and Ihling, C. H. and Schafer, M. and Sinz, A.},
   title = {Cleavable cross-linker for protein structure analysis: reliable identification of cross-linking products by tandem MS},
   journal = {Anal Chem},
   volume = {82},
   number = {16},
   pages = {6958-68},
   ISSN = {1520-6882 (Electronic)
0003-2700 (Linking)},
   DOI = {10.1021/ac101241t},
   url = {https://www.ncbi.nlm.nih.gov/pubmed/20704385},
   year = {2010},
   type = {Journal Article}
}

@article{Poetsch_2000,
   author = {Poetsch, A. and Neff, D. and Seelert, H. and Schagger, H. and Dencher, N. A.},
   title = {Dye removal, catalytic activity and 2D crystallization of chloroplast H(+)-ATP synthase purified by blue native electrophoresis},
   journal = {Biochim Biophys Acta},
   volume = {1466},
   number = {1-2},
   pages = {339-49},
   ISSN = {0006-3002 (Print)
0006-3002 (Linking)},
   DOI = {10.1016/s0005-2736(00)00191-7},
   url = {https://www.ncbi.nlm.nih.gov/pubmed/10825454},
   year = {2000},
   type = {Journal Article}
}

@article{Quaite-Randall_2000,
   author = {Quaite-Randall, E. and Joachimiak, A.},
   title = {Purification of GroEL from an overproducing E. coli strain},
   journal = {Methods Mol Biol},
   volume = {140},
   pages = {29-39},
   ISSN = {1064-3745 (Print)
1064-3745 (Linking)},
   DOI = {10.1385/1-59259-061-6:29},
   url = {https://www.ncbi.nlm.nih.gov/pubmed/11484490},
   year = {2000},
   type = {Journal Article}
}

@article{Rappsilber_2011,
   author = {Rappsilber, J.},
   title = {The beginning of a beautiful friendship: cross-linking/mass spectrometry and modelling of proteins and multi-protein complexes},
   journal = {J Struct Biol},
   volume = {173},
   number = {3},
   pages = {530-40},
   ISSN = {1095-8657 (Electronic)
1047-8477 (Linking)},
   DOI = {10.1016/j.jsb.2010.10.014},
   url = {https://www.ncbi.nlm.nih.gov/pubmed/21029779},
   year = {2011},
   type = {Journal Article}
}

@article{Robinson_2019,
   author = {Robinson, C. V.},
   title = {Mass spectrometry: From plasma proteins to mitochondrial membranes},
   journal = {Proc Natl Acad Sci U S A},
   volume = {116},
   number = {8},
   pages = {2814-2820},
   ISSN = {1091-6490 (Electronic)
0027-8424 (Linking)},
   DOI = {10.1073/pnas.1820450116},
   url = {https://www.ncbi.nlm.nih.gov/pubmed/30718422},
   year = {2019},
   type = {Journal Article}
}

@article{Ryl_2020,
   author = {Ryl, P. S. J. and Bohlke-Schneider, M. and Lenz, S. and Fischer, L. and Budzinski, L. and Stuiver, M. and Mendes, M. M. L. and Sinn, L. and O'Reilly, F. J. and Rappsilber, J.},
   title = {In Situ Structural Restraints from Cross-Linking Mass Spectrometry in Human Mitochondria},
   journal = {J Proteome Res},
   volume = {19},
   number = {1},
   pages = {327-336},
   ISSN = {1535-3907 (Electronic)
1535-3893 (Linking)},
   DOI = {10.1021/acs.jproteome.9b00541},
   url = {https://www.ncbi.nlm.nih.gov/pubmed/31746214},
   year = {2020},
   type = {Journal Article}
}

@article{Sali_1993,
   author = {Sali, A. and Blundell, T. L.},
   title = {Comparative protein modelling by satisfaction of spatial restraints},
   journal = {J Mol Biol},
   volume = {234},
   number = {3},
   pages = {779-815},
   ISSN = {0022-2836 (Print)
0022-2836 (Linking)},
   DOI = {10.1006/jmbi.1993.1626},
   url = {https://www.ncbi.nlm.nih.gov/pubmed/8254673},
   year = {1993},
   type = {Journal Article}
}

@article{Savitski_2014,
   author = {Savitski, M. M. and Reinhard, F. B. and Franken, H. and Werner, T. and Savitski, M. F. and Eberhard, D. and Martinez Molina, D. and Jafari, R. and Dovega, R. B. and Klaeger, S. and Kuster, B. and Nordlund, P. and Bantscheff, M. and Drewes, G.},
   title = {Tracking cancer drugs in living cells by thermal profiling of the proteome},
   journal = {Science},
   volume = {346},
   number = {6205},
   pages = {1255784},
   ISSN = {1095-9203 (Electronic)
0036-8075 (Linking)},
   DOI = {10.1126/science.1255784},
   url = {https://www.ncbi.nlm.nih.gov/pubmed/25278616},
   year = {2014},
   type = {Journal Article}
}

@article{Schafer_2006,
   author = {Schafer, E. and Seelert, H. and Reifschneider, N. H. and Krause, F. and Dencher, N. A. and Vonck, J.},
   title = {Architecture of active mammalian respiratory chain supercomplexes},
   journal = {J Biol Chem},
   volume = {281},
   number = {22},
   pages = {15370-5},
   ISSN = {0021-9258 (Print)
0021-9258 (Linking)},
   DOI = {10.1074/jbc.M513525200},
   url = {https://www.ncbi.nlm.nih.gov/pubmed/16551638},
   year = {2006},
   type = {Journal Article}
}

@article{Schagger_2000,
   author = {Schagger, H. and Pfeiffer, K.},
   title = {Supercomplexes in the respiratory chains of yeast and mammalian mitochondria},
   journal = {EMBO J},
   volume = {19},
   number = {8},
   pages = {1777-83},
   ISSN = {0261-4189 (Print)
0261-4189 (Linking)},
   DOI = {10.1093/emboj/19.8.1777},
   url = {https://www.ncbi.nlm.nih.gov/pubmed/10775262},
   year = {2000},
   type = {Journal Article}
}

@article{Schatz-Jakobsen_2016,
   author = {Schatz-Jakobsen, J. A. and Pedersen, D. V. and Andersen, G. R.},
   title = {Structural insight into proteolytic activation and regulation of the complement system},
   journal = {Immunol Rev},
   volume = {274},
   number = {1},
   pages = {59-73},
   ISSN = {1600-065X (Electronic)
0105-2896 (Linking)},
   DOI = {10.1111/imr.12465},
   url = {https://www.ncbi.nlm.nih.gov/pubmed/27782336},
   year = {2016},
   type = {Journal Article}
}

@article{Schweppe_2016,
   author = {Schweppe, D. K. and Chavez, J. D. and Bruce, J. E.},
   title = {XLmap: an R package to visualize and score protein structure models based on sites of protein cross-linking},
   journal = {Bioinformatics},
   volume = {32},
   number = {2},
   pages = {306-8},
   ISSN = {1367-4811 (Electronic)
1367-4803 (Linking)},
   DOI = {10.1093/bioinformatics/btv519},
   url = {https://www.ncbi.nlm.nih.gov/pubmed/26411867},
   year = {2016},
   type = {Journal Article}
}

@article{Schweppe_2017,
   author = {Schweppe, D. K. and Chavez, J. D. and Lee, C. F. and Caudal, A. and Kruse, S. E. and Stuppard, R. and Marcinek, D. J. and Shadel, G. S. and Tian, R. and Bruce, J. E.},
   title = {Mitochondrial protein interactome elucidated by chemical cross-linking mass spectrometry},
   journal = {Proc Natl Acad Sci U S A},
   volume = {114},
   number = {7},
   pages = {1732-1737},
   ISSN = {1091-6490 (Electronic)
0027-8424 (Linking)},
   DOI = {10.1073/pnas.1617220114},
   url = {https://www.ncbi.nlm.nih.gov/pubmed/28130547},
   year = {2017},
   type = {Journal Article}
}

@article{Shen_2006,
   author = {Shen, M. Y. and Sali, A.},
   title = {Statistical potential for assessment and prediction of protein structures},
   journal = {Protein Sci},
   volume = {15},
   number = {11},
   pages = {2507-24},
   ISSN = {0961-8368 (Print)
0961-8368 (Linking)},
   DOI = {10.1110/ps.062416606},
   url = {https://www.ncbi.nlm.nih.gov/pubmed/17075131},
   year = {2006},
   type = {Journal Article}
}

@article{Shevchenko_2006,
   author = {Shevchenko, A. and Tomas, H. and Havlis, J. and Olsen, J. V. and Mann, M.},
   title = {In-gel digestion for mass spectrometric characterization of proteins and proteomes},
   journal = {Nat Protoc},
   volume = {1},
   number = {6},
   pages = {2856-60},
   ISSN = {1750-2799 (Electronic)
1750-2799 (Linking)},
   DOI = {10.1038/nprot.2006.468},
   url = {https://www.ncbi.nlm.nih.gov/pubmed/17406544},
   year = {2006},
   type = {Journal Article}
}

@article{Sinz_2003,
   author = {Sinz, A.},
   title = {Chemical cross-linking and mass spectrometry for mapping three-dimensional structures of proteins and protein complexes},
   journal = {J Mass Spectrom},
   volume = {38},
   number = {12},
   pages = {1225-37},
   ISSN = {1076-5174 (Print)
1076-5174 (Linking)},
   DOI = {10.1002/jms.559},
   url = {https://www.ncbi.nlm.nih.gov/pubmed/14696200},
   year = {2003},
   type = {Journal Article}
}

@article{Staros_1982,
   author = {Staros, J. V.},
   title = {N-hydroxysulfosuccinimide active esters: bis(N-hydroxysulfosuccinimide) esters of two dicarboxylic acids are hydrophilic, membrane-impermeant, protein cross-linkers},
   journal = {Biochemistry},
   volume = {21},
   number = {17},
   pages = {3950-5},
   ISSN = {0006-2960 (Print)
0006-2960 (Linking)},
   DOI = {10.1021/bi00260a008},
   url = {https://www.ncbi.nlm.nih.gov/pubmed/7126526},
   year = {1982},
   type = {Journal Article}
}

@article{Steigenberger_2020,
   author = {Steigenberger, B. and Albanese, P. and Heck, A. J. R. and Scheltema, R. A.},
   title = {To Cleave or Not To Cleave in XL-MS?},
   journal = {J Am Soc Mass Spectrom},
   volume = {31},
   number = {2},
   pages = {196-206},
   ISSN = {1879-1123 (Electronic)
1044-0305 (Linking)},
   DOI = {10.1021/jasms.9b00085},
   url = {https://www.ncbi.nlm.nih.gov/pubmed/32031400},
   year = {2020},
   type = {Journal Article}
}

@article{Steigenberger_2019,
   author = {Steigenberger, B. and Pieters, R. J. and Heck, A. J. R. and Scheltema, R. A.},
   title = {PhoX: An IMAC-Enrichable Cross-Linking Reagent},
   journal = {ACS Cent Sci},
   volume = {5},
   number = {9},
   pages = {1514-1522},
   ISSN = {2374-7943 (Print)
2374-7943 (Linking)},
   DOI = {10.1021/acscentsci.9b00416},
   url = {https://www.ncbi.nlm.nih.gov/pubmed/31572778},
   year = {2019},
   type = {Journal Article}
}

@article{Uversky_2011,
   author = {Uversky, V. N.},
   title = {Intrinsically disordered proteins from A to Z},
   journal = {Int J Biochem Cell Biol},
   volume = {43},
   number = {8},
   pages = {1090-103},
   ISSN = {1878-5875 (Electronic)
1357-2725 (Linking)},
   DOI = {10.1016/j.biocel.2011.04.001},
   url = {https://www.ncbi.nlm.nih.gov/pubmed/21501695},
   year = {2011},
   type = {Journal Article}
}

@article{van_Duijn_2005,
   author = {van Duijn, E. and Bakkes, P. J. and Heeren, R. M. and van den Heuvel, R. H. and van Heerikhuizen, H. and van der Vies, S. M. and Heck, A. J.},
   title = {Monitoring macromolecular complexes involved in the chaperonin-assisted protein folding cycle by mass spectrometry},
   journal = {Nat Methods},
   volume = {2},
   number = {5},
   pages = {371-6},
   ISSN = {1548-7091 (Print)
1548-7091 (Linking)},
   DOI = {10.1038/nmeth753},
   url = {https://www.ncbi.nlm.nih.gov/pubmed/15846365},
   year = {2005},
   type = {Journal Article}
}

@article{van_Duijn_2006,
   author = {van Duijn, E. and Simmons, D. A. and van den Heuvel, R. H. and Bakkes, P. J. and van Heerikhuizen, H. and Heeren, R. M. and Robinson, C. V. and van der Vies, S. M. and Heck, A. J.},
   title = {Tandem mass spectrometry of intact GroEL-substrate complexes reveals substrate-specific conformational changes in the trans ring},
   journal = {J Am Chem Soc},
   volume = {128},
   number = {14},
   pages = {4694-702},
   ISSN = {0002-7863 (Print)
0002-7863 (Linking)},
   DOI = {10.1021/ja056756l},
   url = {https://www.ncbi.nlm.nih.gov/pubmed/16594706},
   year = {2006},
   type = {Journal Article}
}

@article{van_Zundert_2015,
   author = {van Zundert, G. C. and Bonvin, A. M.},
   title = {DisVis: quantifying and visualizing accessible interaction space of distance-restrained biomolecular complexes},
   journal = {Bioinformatics},
   volume = {31},
   number = {19},
   pages = {3222-4},
   ISSN = {1367-4811 (Electronic)
1367-4803 (Linking)},
   DOI = {10.1093/bioinformatics/btv333},
   url = {https://www.ncbi.nlm.nih.gov/pubmed/26026169},
   year = {2015},
   type = {Journal Article}
}

@article{van_Zundert_2016,
   author = {van Zundert, G. C. P. and Rodrigues, Jpglm and Trellet, M. and Schmitz, C. and Kastritis, P. L. and Karaca, E. and Melquiond, A. S. J. and van Dijk, M. and de Vries, S. J. and Bonvin, Amjj},
   title = {The HADDOCK2.2 Web Server: User-Friendly Integrative Modeling of Biomolecular Complexes},
   journal = {J Mol Biol},
   volume = {428},
   number = {4},
   pages = {720-725},
   ISSN = {1089-8638 (Electronic)
0022-2836 (Linking)},
   DOI = {10.1016/j.jmb.2015.09.014},
   url = {https://www.ncbi.nlm.nih.gov/pubmed/26410586},
   year = {2016},
   type = {Journal Article}
}

@article{Vizcaino_2016,
   author = {Vizcaino, J. A. and Csordas, A. and Del-Toro, N. and Dianes, J. A. and Griss, J. and Lavidas, I. and Mayer, G. and Perez-Riverol, Y. and Reisinger, F. and Ternent, T. and Xu, Q. W. and Wang, R. and Hermjakob, H.},
   title = {2016 update of the PRIDE database and its related tools},
   journal = {Nucleic Acids Res},
   volume = {44},
   number = {22},
   pages = {11033},
   ISSN = {1362-4962 (Electronic)
0305-1048 (Linking)},
   DOI = {10.1093/nar/gkw880},
   url = {https://www.ncbi.nlm.nih.gov/pubmed/27683222},
   year = {2016},
   type = {Journal Article}
}

@article{Webb_2016,
   author = {Webb, B. and Sali, A.},
   title = {Comparative Protein Structure Modeling Using MODELLER},
   journal = {Curr Protoc Protein Sci},
   volume = {86},
   pages = {2 9 1-2 9 37},
   ISSN = {1934-3663 (Electronic)
1934-3655 (Linking)},
   DOI = {10.1002/cpps.20},
   url = {https://www.ncbi.nlm.nih.gov/pubmed/27801516},
   year = {2016},
   type = {Journal Article}
}

@article{Winn_2011,
   author = {Winn, M. D. and Ballard, C. C. and Cowtan, K. D. and Dodson, E. J. and Emsley, P. and Evans, P. R. and Keegan, R. M. and Krissinel, E. B. and Leslie, A. G. and McCoy, A. and McNicholas, S. J. and Murshudov, G. N. and Pannu, N. S. and Potterton, E. A. and Powell, H. R. and Read, R. J. and Vagin, A. and Wilson, K. S.},
   title = {Overview of the CCP4 suite and current developments},
   journal = {Acta Crystallogr D Biol Crystallogr},
   volume = {67},
   number = {Pt 4},
   pages = {235-42},
   ISSN = {1399-0047 (Electronic)
0907-4449 (Linking)},
   DOI = {10.1107/S0907444910045749},
   url = {https://www.ncbi.nlm.nih.gov/pubmed/21460441},
   year = {2011},
   type = {Journal Article}
}

@article{Wittig_2010,
   author = {Wittig, I. and Beckhaus, T. and Wumaier, Z. and Karas, M. and Schagger, H.},
   title = {Mass estimation of native proteins by blue native electrophoresis: principles and practical hints},
   journal = {Mol Cell Proteomics},
   volume = {9},
   number = {10},
   pages = {2149-61},
   ISSN = {1535-9484 (Electronic)
1535-9476 (Linking)},
   DOI = {10.1074/mcp.M900526-MCP200},
   url = {https://www.ncbi.nlm.nih.gov/pubmed/20173216},
   year = {2010},
   type = {Journal Article}
}

@article{Wittig_2006,
   author = {Wittig, I. and Braun, H. P. and Schagger, H.},
   title = {Blue native PAGE},
   journal = {Nat Protoc},
   volume = {1},
   number = {1},
   pages = {418-28},
   ISSN = {1750-2799 (Electronic)
1750-2799 (Linking)},
   DOI = {10.1038/nprot.2006.62},
   url = {https://www.ncbi.nlm.nih.gov/pubmed/17406264},
   year = {2006},
   type = {Journal Article}
}

@article{Wittig_2007,
   author = {Wittig, I. and Karas, M. and Schagger, H.},
   title = {High resolution clear native electrophoresis for in-gel functional assays and fluorescence studies of membrane protein complexes},
   journal = {Mol Cell Proteomics},
   volume = {6},
   number = {7},
   pages = {1215-25},
   ISSN = {1535-9476 (Print)
1535-9476 (Linking)},
   DOI = {10.1074/mcp.M700076-MCP200},
   url = {https://www.ncbi.nlm.nih.gov/pubmed/17426019},
   year = {2007},
   type = {Journal Article}
}

@article{Wu_2016,
   author = {Wu, M. and Gu, J. and Guo, R. and Huang, Y. and Yang, M.},
   title = {Structure of Mammalian Respiratory Supercomplex I1III2IV1},
   journal = {Cell},
   volume = {167},
   number = {6},
   pages = {1598-1609 e10},
   ISSN = {1097-4172 (Electronic)
0092-8674 (Linking)},
   DOI = {10.1016/j.cell.2016.11.012},
   url = {https://www.ncbi.nlm.nih.gov/pubmed/27912063},
   year = {2016},
   type = {Journal Article}
}

@article{Yang_2015,
   author = {Yang, J. and Yan, R. and Roy, A. and Xu, D. and Poisson, J. and Zhang, Y.},
   title = {The I-TASSER Suite: protein structure and function prediction},
   journal = {Nat Methods},
   volume = {12},
   number = {1},
   pages = {7-8},
   ISSN = {1548-7105 (Electronic)
1548-7091 (Linking)},
   DOI = {10.1038/nmeth.3213},
   url = {https://www.ncbi.nlm.nih.gov/pubmed/25549265},
   year = {2015},
   type = {Journal Article}
}

@article{Zheng_2019,
   author = {Zheng, J. and Strutzenberg, T. and Pascal, B. D. and Griffin, P. R.},
   title = {Protein dynamics and conformational changes explored by hydrogen/deuterium exchange mass spectrometry},
   journal = {Curr Opin Struct Biol},
   volume = {58},
   pages = {305-313},
   ISSN = {1879-033X (Electronic)
0959-440X (Linking)},
   DOI = {10.1016/j.sbi.2019.06.007},
   url = {https://www.ncbi.nlm.nih.gov/pubmed/31351767},
   year = {2019},
   type = {Journal Article}
}

