@article{RN36,
   author = {Abdrakhmanova, A. and Dobrynin, K. and Zwicker, K. and Kerscher, S. and Brandt, U.},
   title = {Functional sulfurtransferase is associated with mitochondrial complex I from Yarrowia lipolytica, but is not required for assembly of its iron-sulfur clusters},
   journal = {Febs Letters},
   volume = {579},
   number = {30},
   pages = {6781-6785},
   ISSN = {0014-5793},
   DOI = {10.1016/j.febstet.2005.11.008},
   url = {<Go to ISI>://WOS:000234130000015},
   year = {2005},
   type = {Journal Article}
}

@article{RN30,
   author = {Antonicka, H. and Lin, Z. Y. and Janer, A. and Aaltonen, M. J. and Weraarpachai, W. and Gingras, A. C. and Shoubridge, E. A.},
   title = {A High-Density Human Mitochondrial Proximity Interaction Network},
   journal = {Cell Metab},
   volume = {32},
   number = {3},
   pages = {479-497 e9},
   ISSN = {1932-7420 (Electronic)
1550-4131 (Linking)},
   DOI = {10.1016/j.cmet.2020.07.017},
   url = {https://www.ncbi.nlm.nih.gov/pubmed/32877691},
   year = {2020},
   type = {Journal Article}
}

@article{RN29,
   author = {Arnold, S.},
   title = {The power of life-Cytochrome c oxidase takes center stage in metabolic control, cell signalling and survival},
   journal = {Mitochondrion},
   volume = {12},
   number = {1},
   pages = {46-56},
   ISSN = {1567-7249},
   DOI = {10.1016/j.mito.2011.05.003},
   url = {<Go to ISI>://WOS:000300482200007},
   year = {2012},
   type = {Journal Article}
}

@article{RN37,
   author = {Balsa, E. and Marco, R. and Perales-Clemente, E. and Szklarczyk, R. and Calvo, E. and Landazuri, M. O. and Enriquez, J. A.},
   title = {NDUFA4 is a subunit of complex IV of the mammalian electron transport chain},
   journal = {Cell Metab},
   volume = {16},
   number = {3},
   pages = {378-86},
   ISSN = {1932-7420 (Electronic)
1550-4131 (Linking)},
   DOI = {10.1016/j.cmet.2012.07.015},
   url = {https://www.ncbi.nlm.nih.gov/pubmed/22902835},
   year = {2012},
   type = {Journal Article}
}

@article{RN25,
   author = {Blum, T. B. and Hahn, A. and Meier, T. and Davies, K. M. and Kuhlbrandt, W.},
   title = {Dimers of mitochondrial ATP synthase induce membrane curvature and self-assemble into rows},
   journal = {Proc Natl Acad Sci U S A},
   volume = {116},
   number = {10},
   pages = {4250-4255},
   ISSN = {1091-6490 (Electronic)
0027-8424 (Linking)},
   DOI = {10.1073/pnas.1816556116},
   url = {https://www.ncbi.nlm.nih.gov/pubmed/30760595},
   year = {2019},
   type = {Journal Article}
}

@article{RN55,
   author = {Cande, C. and Cecconi, F. and Dessen, P. and Kroemer, G.},
   title = {Apoptosis-inducing factor (AIF): key to the conserved caspase-independent pathways of cell death?},
   journal = {J Cell Sci},
   volume = {115},
   number = {Pt 24},
   pages = {4727-34},
   ISSN = {0021-9533 (Print)
0021-9533 (Linking)},
   DOI = {10.1242/jcs.00210},
   url = {https://www.ncbi.nlm.nih.gov/pubmed/12432061},
   year = {2002},
   type = {Journal Article}
}

@article{RN28,
   author = {Chatzispyrou, I. A. and Guerrero-Castillo, S. and Held, N. M. and Ruiter, J. P. N. and Denis, S. W. and IJlst, L. and Wanders, R. J. and van Weeghel, M. and Ferdinandusse, S. and Vaz, F. M. and Brandt, U. and Houtkooper, R. H.},
   title = {Barth syndrome cells display widespread remodeling of mitochondrial complexes without affecting metabolic flux distribution},
   journal = {Biochim Biophys Acta Mol Basis Dis},
   volume = {1864},
   number = {11},
   pages = {3650-3658},
   ISSN = {1879-260X},
   DOI = {10.1016/j.bbadis.2018.08.041},
   url = {https://www.ncbi.nlm.nih.gov/pubmed/30251684},
   year = {2018},
   type = {Journal Article}
}

@article{RN20,
   author = {Chavez, J. D. and Tang, X. and Campbell, M. D. and Reyes, G. and Kramer, P. A. and Stuppard, R. and Keller, A. and Zhang, H. and Rabinovitch, P. S. and Marcinek, D. J. and Bruce, J. E.},
   title = {Mitochondrial protein interaction landscape of SS-31},
   journal = {Proc Natl Acad Sci U S A},
   volume = {117},
   number = {26},
   pages = {15363-15373},
   ISSN = {1091-6490 (Electronic)
0027-8424 (Linking)},
   DOI = {10.1073/pnas.2002250117},
   url = {https://www.ncbi.nlm.nih.gov/pubmed/32554501},
   year = {2020},
   type = {Journal Article}
}

@article{RN65,
   author = {Chen, Z. L. and Meng, J. M. and Cao, Y. and Yin, J. L. and Fang, R. Q. and Fan, S. B. and Liu, C. and Zeng, W. F. and Ding, Y. H. and Tan, D. and Wu, L. and Zhou, W. J. and Chi, H. and Sun, R. X. and Dong, M. Q. and He, S. M.},
   title = {A high-speed search engine pLink 2 with systematic evaluation for proteome-scale identification of cross-linked peptides},
   journal = {Nat Commun},
   volume = {10},
   number = {1},
   pages = {3404},
   ISSN = {2041-1723 (Electronic)
2041-1723 (Linking)},
   DOI = {10.1038/s41467-019-11337-z},
   url = {https://www.ncbi.nlm.nih.gov/pubmed/31363125},
   year = {2019},
   type = {Journal Article}
}

@article{RN56,
   author = {Cheung, E. C. and Joza, N. and Steenaart, N. A. and McClellan, K. A. and Neuspiel, M. and McNamara, S. and MacLaurin, J. G. and Rippstein, P. and Park, D. S. and Shore, G. C. and McBride, H. M. and Penninger, J. M. and Slack, R. S.},
   title = {Dissociating the dual roles of apoptosis-inducing factor in maintaining mitochondrial structure and apoptosis},
   journal = {EMBO J},
   volume = {25},
   number = {17},
   pages = {4061-73},
   ISSN = {0261-4189 (Print)
0261-4189 (Linking)},
   DOI = {10.1038/sj.emboj.7601276},
   url = {https://www.ncbi.nlm.nih.gov/pubmed/16917506},
   year = {2006},
   type = {Journal Article}
}

@article{RN67,
   author = {de Hoon, M. J. and Imoto, S. and Nolan, J. and Miyano, S.},
   title = {Open source clustering software},
   journal = {Bioinformatics},
   volume = {20},
   number = {9},
   pages = {1453-4},
   ISSN = {1367-4803},
   DOI = {10.1093/bioinformatics/bth078},
   url = {http://www.ncbi.nlm.nih.gov/pubmed/14871861
https://watermark.silverchair.com/bth078.pdf?token=AQECAHi208BE49Ooan9kkhW_Ercy7Dm3ZL_9Cf3qfKAc485ysgAAArwwggK4BgkqhkiG9w0BBwagggKpMIICpQIBADCCAp4GCSqGSIb3DQEHATAeBglghkgBZQMEAS4wEQQMRuJSzvK9uO9u-6KYAgEQgIICb30L10k4779s1IhX1zMnmhK6pgxs1V1JqIoY3d9bo_u7e5LclNlBmy27Jrz938b1sFvIGW25WmjPFEYffXGDLzn-Wsf5tclWzjRPcyF14zbSQ4eyIo_tdm2bF-RS9zE3UBz72Gs9tozxUOaEtCgSPH3RsIJxmQqGi9Rwp6Sb29zZXf7MIaHcIOXDrv3A8GAACcyxLNZUOySNXx3W_KhXooL93R5MMD9e6P_z4mbcl7ZZtYXS0emrYEOsk8tS7XdSubIZIGPuqM1SqvDzP93PahjbruHVMN4IzXko7cF16AhOs2NIC1q3RIG8Gj0Xs78bxT1UgA7SQ5CYWEX7Iq6Qeb55JdFPs6JmSyYEFgJGX-EWL_bmJWynIdSz0VM4PSyqO-CnZ71095M1DOooBFXcQFZmuRkdeQ-U12QBTpD_uNra574kuW6ip7pPAamHktSZv1n-x-QlhyMqI3VYGtXCa_5KMrCiXFFVKZE-BWJO0-QkZXDSnGKdXV_mwBremBxrqdHor-da33LxriFMqDkP0zqrDa3HCawtwciR6QLXrhZdSDThGOvVeIZ7Si94QMddyP0wx3aRKd5BS5Up7Q3S2oeZIMNpWYskKQGjQywPI4SXdfFcY_-yGL7hTbwO7vaMwbGwCR0pYkiLgsBUF5K1fo6yxiqySjs8xiWFuqwcbQYv6t9xHTC9SO84X0c9gYP-Ho4NJ60wG3W3WJ8RjSmn3-QaogLgnU4_bgM9UWFqMDjKfvPk5VeR92D0gx6DDoPoVgYam_zhU7UvsssOYtozxoibjAMNCOi6EzphZacWqEZlU_O5syqNS91pHauEj8IV},
   year = {2004},
   type = {Journal Article}
}

@article{RN52,
   author = {Elguindy, M. M. and Nakamaru-Ogiso, E.},
   title = {Apoptosis-inducing Factor (AIF) and Its Family Member Protein, AMID, Are Rotenone-sensitive NADH:Ubiquinone Oxidoreductases (NDH-2)},
   journal = {J Biol Chem},
   volume = {290},
   number = {34},
   pages = {20815-26},
   ISSN = {1083-351X (Electronic)
0021-9258 (Linking)},
   DOI = {10.1074/jbc.M115.641498},
   url = {https://www.ncbi.nlm.nih.gov/pubmed/26063804},
   year = {2015},
   type = {Journal Article}
}

@article{RN58,
   author = {Ferguson-Miller, S. and Brautigan, D. L. and Margoliash, E.},
   title = {Definition of cytochrome c binding domains by chemical modification. III. Kinetics of reaction of carboxydinitrophenyl cytochromes c with cytochrome c oxidase},
   journal = {J Biol Chem},
   volume = {253},
   number = {1},
   pages = {149-59},
   ISSN = {0021-9258 (Print)
0021-9258 (Linking)},
   url = {https://www.ncbi.nlm.nih.gov/pubmed/201616},
   year = {1978},
   type = {Journal Article}
}

@article{RN40,
   author = {Ferreira, P. and Villanueva, R. and Martinez-Julvez, M. and Herguedas, B. and Marcuello, C. and Fernandez-Silva, P. and Cabon, L. and Hermoso, J. A. and Lostao, A. and Susin, S. A. and Medina, M.},
   title = {Structural insights into the coenzyme mediated monomer-dimer transition of the pro-apoptotic apoptosis inducing factor},
   journal = {Biochemistry},
   volume = {53},
   number = {25},
   pages = {4204-15},
   ISSN = {1520-4995 (Electronic)
0006-2960 (Linking)},
   DOI = {10.1021/bi500343r},
   url = {https://www.ncbi.nlm.nih.gov/pubmed/24914854},
   year = {2014},
   type = {Journal Article}
}

@article{RN23,
   author = {Fursch, J. and Kammer, K. M. and Kreft, S. G. and Beck, M. and Stengel, F.},
   title = {Proteome-Wide Structural Probing of Low-Abundant Protein Interactions by Cross-Linking Mass Spectrometry},
   journal = {Anal Chem},
   volume = {92},
   number = {5},
   pages = {4016-4022},
   ISSN = {1520-6882 (Electronic)
0003-2700 (Linking)},
   DOI = {10.1021/acs.analchem.9b05559},
   url = {https://www.ncbi.nlm.nih.gov/pubmed/32011863},
   year = {2020},
   type = {Journal Article}
}

@article{RN5,
   author = {Ghezzi, D. and Sevrioukova, I. and Invernizzi, F. and Lamperti, C. and Mora, M. and D'Adamo, P. and Novara, F. and Zuffardi, O. and Uziel, G. and Zeviani, M.},
   title = {Severe X-linked mitochondrial encephalomyopathy associated with a mutation in apoptosis-inducing factor},
   journal = {Am J Hum Genet},
   volume = {86},
   number = {4},
   pages = {639-49},
   ISSN = {1537-6605 (Electronic)
0002-9297 (Linking)},
   DOI = {10.1016/j.ajhg.2010.03.002},
   url = {https://www.ncbi.nlm.nih.gov/pubmed/20362274},
   year = {2010},
   type = {Journal Article}
}

@article{RN32,
   author = {Go, C. D. and Knight, J. D. R. and Rajasekharan, A. and Rathod, B. and Hesketh, G. G. and Abe, K. T. and Youn, J. Y. and Samavarchi-Tehrani, P. and Zhang, H. and Zhu, L. Y. and Popiel, E. and Lambert, J. P. and Coyaud, E. and Cheung, S. W. T. and Rajendran, D. and Wong, C. J. and Antonicka, H. and Pelletier, L. and Palazzo, A. F. and Shoubridge, E. A. and Raught, B. and Gingras, A. C.},
   title = {A proximity-dependent biotinylation map of a human cell},
   journal = {Nature},
   ISSN = {1476-4687 (Electronic)
0028-0836 (Linking)},
   DOI = {10.1038/s41586-021-03592-2},
   url = {https://www.ncbi.nlm.nih.gov/pubmed/34079125},
   year = {2021},
   type = {Journal Article}
}

@article{RN22,
   author = {Gonzalez-Lozano, M. A. and Koopmans, F. and Sullivan, P. F. and Protze, J. and Krause, G. and Verhage, M. and Li, K. W. and Liu, F. and Smit, A. B.},
   title = {Stitching the synapse: Cross-linking mass spectrometry into resolving synaptic protein interactions},
   journal = {Sci Adv},
   volume = {6},
   number = {8},
   pages = {eaax5783},
   ISSN = {2375-2548 (Electronic)
2375-2548 (Linking)},
   DOI = {10.1126/sciadv.aax5783},
   url = {https://www.ncbi.nlm.nih.gov/pubmed/32128395},
   year = {2020},
   type = {Journal Article}
}

@article{RN26,
   author = {Gu, J. and Zhang, L. and Zong, S. and Guo, R. and Liu, T. and Yi, J. and Wang, P. and Zhuo, W. and Yang, M.},
   title = {Cryo-EM structure of the mammalian ATP synthase tetramer bound with inhibitory protein IF1},
   journal = {Science},
   volume = {364},
   number = {6445},
   pages = {1068-1075},
   ISSN = {1095-9203 (Electronic)
0036-8075 (Linking)},
   DOI = {10.1126/science.aaw4852},
   url = {https://www.ncbi.nlm.nih.gov/pubmed/31197009},
   year = {2019},
   type = {Journal Article}
}

@article{RN34,
   author = {Guerrero-Castillo, S. and Baertling, F. and Kownatzki, D. and Wessels, H. J. and Arnold, S. and Brandt, U. and Nijtmans, L.},
   title = {The Assembly Pathway of Mitochondrial Respiratory Chain Complex I},
   journal = {Cell Metab},
   volume = {25},
   number = {1},
   pages = {128-139},
   ISSN = {1932-7420 (Electronic)
1550-4131 (Linking)},
   DOI = {10.1016/j.cmet.2016.09.002},
   url = {https://www.ncbi.nlm.nih.gov/pubmed/27720676},
   year = {2017},
   type = {Journal Article}
}

@article{RN38,
   author = {Guo, R. and Zong, S. and Wu, M. and Gu, J. and Yang, M.},
   title = {Architecture of Human Mitochondrial Respiratory Megacomplex I2III2IV2},
   journal = {Cell},
   volume = {170},
   number = {6},
   pages = {1247-1257 e12},
   ISSN = {1097-4172 (Electronic)
0092-8674 (Linking)},
   DOI = {10.1016/j.cell.2017.07.050},
   url = {https://www.ncbi.nlm.nih.gov/pubmed/28844695},
   year = {2017},
   type = {Journal Article}
}

@article{RN8,
   author = {Hangen, E. and Feraud, O. and Lachkar, S. and Mou, H. and Doti, N. and Fimia, G. M. and Lam, N. V. and Zhu, C. and Godin, I. and Muller, K. and Chatzi, A. and Nuebel, E. and Ciccosanti, F. and Flamant, S. and Benit, P. and Perfettini, J. L. and Sauvat, A. and Bennaceur-Griscelli, A. and Ser-Le Roux, K. and Gonin, P. and Tokatlidis, K. and Rustin, P. and Piacentini, M. and Ruvo, M. and Blomgren, K. and Kroemer, G. and Modjtahedi, N.},
   title = {Interaction between AIF and CHCHD4 Regulates Respiratory Chain Biogenesis},
   journal = {Mol Cell},
   volume = {58},
   number = {6},
   pages = {1001-14},
   ISSN = {1097-4164 (Electronic)
1097-2765 (Linking)},
   DOI = {10.1016/j.molcel.2015.04.020},
   url = {https://www.ncbi.nlm.nih.gov/pubmed/26004228},
   year = {2015},
   type = {Journal Article}
}

@article{RN15,
   author = {Heide, H. and Bleier, L. and Steger, M. and Ackermann, J. and Drose, S. and Schwamb, B. and Zornig, M. and Reichert, A. S. and Koch, I. and Wittig, I. and Brandt, U.},
   title = {Complexome profiling identifies TMEM126B as a component of the mitochondrial complex I assembly complex},
   journal = {Cell Metab},
   volume = {16},
   number = {4},
   pages = {538-49},
   ISSN = {1932-7420 (Electronic)
1550-4131 (Linking)},
   DOI = {10.1016/j.cmet.2012.08.009},
   url = {https://www.ncbi.nlm.nih.gov/pubmed/22982022},
   year = {2012},
   type = {Journal Article}
}

@article{RN31,
   author = {Hein, M. Y. and Hubner, N. C. and Poser, I. and Cox, J. and Nagaraj, N. and Toyoda, Y. and Gak, I. A. and Weisswange, I. and Mansfeld, J. and Buchholz, F. and Hyman, A. A. and Mann, M.},
   title = {A human interactome in three quantitative dimensions organized by stoichiometries and abundances},
   journal = {Cell},
   volume = {163},
   number = {3},
   pages = {712-23},
   ISSN = {1097-4172 (Electronic)
0092-8674 (Linking)},
   DOI = {10.1016/j.cell.2015.09.053},
   url = {https://www.ncbi.nlm.nih.gov/pubmed/26496610},
   year = {2015},
   type = {Journal Article}
}

@article{RN11,
   author = {Hevler, Johannes F. and Lukassen, Marie V. and Cabrera-Orefice, Alfredo and Arnold, Susanne and Pronker, Matti F. and Franc, Vojtech and Heck, Albert J. R.},
   title = {Selective cross-linking of coinciding protein assemblies by in-gel cross-linking mass spectrometry},
   journal = {The EMBO journal},
   pages = {e106174-e106174},
   DOI = {10.15252/embj.2020106174},
   url = {<Go to ISI>://MEDLINE:33459420},
   year = {2021},
   type = {Journal Article}
}

@article{RN35,
   author = {Hirst, Judy and Carroll, Joe and Fearnley, Ian M. and Shannon, Richard J. and Walker, John E.},
   title = {The nuclear encoded subunits of complex I from bovine heart mitochondria},
   journal = {Biochimica et Biophysica Acta (BBA) - Bioenergetics},
   volume = {1604},
   number = {3},
   pages = {135-150},
   ISSN = {00052728},
   DOI = {10.1016/s0005-2728(03)00059-8},
   year = {2003},
   type = {Journal Article}
}

@article{RN48,
   author = {Joza, N. and Galindo, K. and Pospisilik, J. A. and Benit, P. and Rangachari, M. and Kanitz, E. E. and Nakashima, Y. and Neely, G. G. and Rustin, P. and Abrams, J. M. and Kroemer, G. and Penninger, J. M.},
   title = {The molecular archaeology of a mitochondrial death effector: AIF in Drosophila},
   journal = {Cell Death Differ},
   volume = {15},
   number = {6},
   pages = {1009-18},
   ISSN = {1350-9047 (Print)
1350-9047 (Linking)},
   DOI = {10.1038/cdd.2008.24},
   url = {https://www.ncbi.nlm.nih.gov/pubmed/18309327},
   year = {2008},
   type = {Journal Article}
}

@article{RN10,
   author = {Joza, N. and Oudit, G. Y. and Brown, D. and Benit, P. and Kassiri, Z. and Vahsen, N. and Benoit, L. and Patel, M. M. and Nowikovsky, K. and Vassault, A. and Backx, P. H. and Wada, T. and Kroerner, G. and Rustin, P. and Penninger, J. A.},
   title = {Muscle-specific loss of apoptosis-inducing factor leads to mitochondrial dysfunction, skeletal muscle atrophy, and dilated cardiomyopathy},
   journal = {Molecular and Cellular Biology},
   volume = {25},
   number = {23},
   pages = {10261-10272},
   ISSN = {0270-7306},
   DOI = {10.1128/mcb.25.23.10261-10272.2005},
   url = {<Go to ISI>://WOS:000233452600005},
   year = {2005},
   type = {Journal Article}
}

@article{RN12,
   author = {Kao, A. and Chiu, C. L. and Vellucci, D. and Yang, Y. and Patel, V. R. and Guan, S. and Randall, A. and Baldi, P. and Rychnovsky, S. D. and Huang, L.},
   title = {Development of a novel cross-linking strategy for fast and accurate identification of cross-linked peptides of protein complexes},
   journal = {Mol Cell Proteomics},
   volume = {10},
   number = {1},
   pages = {M110 002212},
   ISSN = {1535-9484 (Electronic)
1535-9476 (Linking)},
   DOI = {10.1074/mcp.M110.002212},
   url = {https://www.ncbi.nlm.nih.gov/pubmed/20736410},
   year = {2011},
   type = {Journal Article}
}

@article{RN68,
   author = {Karaca, E. and Bonvin, A. M.},
   title = {A multidomain flexible docking approach to deal with large conformational changes in the modeling of biomolecular complexes},
   journal = {Structure},
   volume = {19},
   number = {4},
   pages = {555-65},
   ISSN = {1878-4186 (Electronic)
0969-2126 (Linking)},
   DOI = {10.1016/j.str.2011.01.014},
   url = {https://www.ncbi.nlm.nih.gov/pubmed/21481778},
   year = {2011},
   type = {Journal Article}
}

@article{RN51,
   author = {Kerscher, S.},
   title = {Diversity and origin of alternative NADH:ubiquinone oxidoreductases},
   journal = {Biochim. Biophys. Acta},
   volume = {1459},
   pages = {274-283},
   year = {2000},
   type = {Journal Article}
}

@article{RN41,
   author = {Kim, D. E. and Chivian, D. and Baker, D.},
   title = {Protein structure prediction and analysis using the Robetta server},
   journal = {Nucleic Acids Res},
   volume = {32},
   number = {Web Server issue},
   pages = {W526-31},
   ISSN = {1362-4962 (Electronic)
0305-1048 (Linking)},
   DOI = {10.1093/nar/gkh468},
   url = {https://www.ncbi.nlm.nih.gov/pubmed/15215442},
   year = {2004},
   type = {Journal Article}
}

@article{RN64,
   author = {Klykov, O. and Steigenberger, B. and Pektas, S. and Fasci, D. and Heck, A. J. R. and Scheltema, R. A.},
   title = {Efficient and robust proteome-wide approaches for cross-linking mass spectrometry},
   journal = {Nat Protoc},
   volume = {13},
   number = {12},
   pages = {2964-2990},
   ISSN = {1750-2799 (Electronic)
1750-2799 (Linking)},
   DOI = {10.1038/s41596-018-0074-x},
   url = {https://www.ncbi.nlm.nih.gov/pubmed/30446747},
   year = {2018},
   type = {Journal Article}
}

@article{RN14,
   author = {Leitner, A. and Joachimiak, L. A. and Unverdorben, P. and Walzthoeni, T. and Frydman, J. and Forster, F. and Aebersold, R.},
   title = {Chemical cross-linking/mass spectrometry targeting acidic residues in proteins and protein complexes},
   journal = {Proc Natl Acad Sci U S A},
   volume = {111},
   number = {26},
   pages = {9455-60},
   ISSN = {1091-6490 (Electronic)
0027-8424 (Linking)},
   DOI = {10.1073/pnas.1320298111},
   url = {https://www.ncbi.nlm.nih.gov/pubmed/24938783},
   year = {2014},
   type = {Journal Article}
}

@article{RN61,
   author = {Leung, Miguel Ricardo and Chiozzi, Riccardo Zenezini and Roelofs, Marc C. and Hevler, Johannes F. and Ravi, Ravi Teja and Maitan, Paula and Zhang, Min and Henning, Heiko and Bromfield, Elizabeth G. and Howes, Stuart C. and Gadella, Bart M. and Heck, Albert J. R. and Zeev-Ben-Mordehai, Tzviya},
   title = {In-cell structures of a conserved supramolecular array at the
mitochondria-cytoskeleton interface in mammalian sperm},
   journal = {bioRxiv},
   DOI = {10.1101/2021.02.16.431372},
   year = {2021},
   type = {Journal Article}
}

@article{RN18,
   author = {Linden, A. and Deckers, M. and Parfentev, I. and Pflanz, R. and Homberg, B. and Neumann, P. and Ficner, R. and Rehling, P. and Urlaub, H.},
   title = {A Cross-linking Mass Spectrometry Approach Defines Protein Interactions in Yeast Mitochondria},
   journal = {Mol Cell Proteomics},
   volume = {19},
   number = {7},
   pages = {1161-1178},
   ISSN = {1535-9484 (Electronic)
1535-9476 (Linking)},
   DOI = {10.1074/mcp.RA120.002028},
   url = {https://www.ncbi.nlm.nih.gov/pubmed/32332106},
   year = {2020},
   type = {Journal Article}
}

@article{RN16,
   author = {Liu, F. and Lossl, P. and Rabbitts, B. M. and Balaban, R. S. and Heck, A. J. R.},
   title = {The interactome of intact mitochondria by cross-linking mass spectrometry provides evidence for coexisting respiratory supercomplexes},
   journal = {Mol Cell Proteomics},
   volume = {17},
   number = {2},
   pages = {216-232},
   ISSN = {1535-9484 (Electronic)
1535-9476 (Linking)},
   DOI = {10.1074/mcp.RA117.000470},
   url = {https://www.ncbi.nlm.nih.gov/pubmed/29222160},
   year = {2018},
   type = {Journal Article}
}

@article{RN70,
   author = {Lomize, M. A. and Pogozheva, I. D. and Joo, H. and Mosberg, H. I. and Lomize, A. L.},
   title = {OPM database and PPM web server: resources for positioning of proteins in membranes},
   journal = {Nucleic Acids Res},
   volume = {40},
   number = {Database issue},
   pages = {D370-6},
   ISSN = {1362-4962 (Electronic)
0305-1048 (Linking)},
   DOI = {10.1093/nar/gkr703},
   url = {https://www.ncbi.nlm.nih.gov/pubmed/21890895},
   year = {2012},
   type = {Journal Article}
}

@article{RN7,
   author = {Meyer, K. and Buettner, S. and Ghezzi, D. and Zeviani, M. and Bano, D. and Nicotera, P.},
   title = {Loss of apoptosis-inducing factor critically affects MIA40 function},
   journal = {Cell Death \& Disease},
   volume = {6},
   ISSN = {2041-4889},
   DOI = {10.1038/cddis.2015.170},
   url = {<Go to ISI>://WOS:000358788800014},
   year = {2015},
   type = {Journal Article}
}

@article{RN59,
   author = {Moe, A. and Di Trani, J. and Rubinstein, J. L. and Brzezinski, P.},
   title = {Cryo-EM structure and kinetics reveal electron transfer by 2D diffusion of cytochrome c in the yeast III-IV respiratory supercomplex},
   journal = {Proc Natl Acad Sci U S A},
   volume = {118},
   number = {11},
   ISSN = {1091-6490 (Electronic)
0027-8424 (Linking)},
   DOI = {10.1073/pnas.2021157118},
   url = {https://www.ncbi.nlm.nih.gov/pubmed/33836592},
   year = {2021},
   type = {Journal Article}
}

@article{RN53,
   author = {Moser, C. C. and Anderson, J. L. and Dutton, P. L.},
   title = {Guidelines for tunneling in enzymes},
   journal = {Biochim Biophys Acta},
   volume = {1797},
   number = {9},
   pages = {1573-86},
   ISSN = {0006-3002 (Print)
0006-3002 (Linking)},
   DOI = {10.1016/j.bbabio.2010.04.441},
   url = {https://www.ncbi.nlm.nih.gov/pubmed/20460101},
   year = {2010},
   type = {Journal Article}
}

@article{RN50,
   author = {Murgia, M. and Tan, J. and Geyer, P. E. and Doll, S. and Mann, M. and Klopstock, T.},
   title = {Proteomics of Cytochrome c Oxidase-Negative versus -Positive Muscle Fiber Sections in Mitochondrial Myopathy},
   journal = {Cell Rep},
   volume = {29},
   number = {12},
   pages = {3825-3834 e4},
   ISSN = {2211-1247 (Electronic)},
   DOI = {10.1016/j.celrep.2019.11.055},
   url = {https://www.ncbi.nlm.nih.gov/pubmed/31851916},
   year = {2019},
   type = {Journal Article}
}

@article{RN71,
   author = {Newport, T. D. and Sansom, M. S. P. and Stansfeld, P. J.},
   title = {The MemProtMD database: a resource for membrane-embedded protein structures and their lipid interactions},
   journal = {Nucleic Acids Res},
   volume = {47},
   number = {D1},
   pages = {D390-D397},
   ISSN = {1362-4962 (Electronic)
0305-1048 (Linking)},
   DOI = {10.1093/nar/gky1047},
   url = {https://www.ncbi.nlm.nih.gov/pubmed/30418645},
   year = {2019},
   type = {Journal Article}
}

@article{RN6,
   author = {Petrungaro, C. and Zimmermann, K. M. and Kuttner, V. and Fischer, M. and Dengjel, J. and Bogeski, I. and Riemer, J.},
   title = {The Ca2+-Dependent Release of the Mia40-Induced MICU1-MICU2 Dimer from MCU Regulates Mitochondrial Ca2+ Uptake},
   journal = {Cell Metabolism},
   volume = {22},
   number = {4},
   pages = {721-733},
   ISSN = {1550-4131},
   DOI = {10.1016/j.cmet.2015.08.019},
   url = {<Go to ISI>://WOS:000365192600020},
   year = {2015},
   type = {Journal Article}
}

@article{RN47,
   author = {Pettersen, E. F. and Goddard, T. D. and Huang, C. C. and Couch, G. S. and Greenblatt, D. M. and Meng, E. C. and Ferrin, T. E.},
   title = {UCSF Chimera--a visualization system for exploratory research and analysis},
   journal = {J Comput Chem},
   volume = {25},
   number = {13},
   pages = {1605-12},
   ISSN = {0192-8651 (Print)
0192-8651 (Linking)},
   DOI = {10.1002/jcc.20084},
   url = {https://www.ncbi.nlm.nih.gov/pubmed/15264254},
   year = {2004},
   type = {Journal Article}
}

@article{RN9,
   author = {Pospisilik, J. A. and Knauf, C. and Joza, N. and Benit, P. and Orthofer, M. and Cani, P. D. and Ebersberger, I. and Nakashima, T. and Sarao, R. and Neely, G. and Esterbauer, H. and Kozlov, A. and Kahn, C. R. and Kroemer, G. and Rustin, P. and Burcelin, R. and Penninger, J. M.},
   title = {Targeted deletion of AIF decreases mitochondrial oxidative phosphorylation and protects from obesity and diabetes},
   journal = {Cell},
   volume = {131},
   number = {3},
   pages = {476-491},
   ISSN = {0092-8674},
   DOI = {10.1016/j.cell.2007.08.047},
   url = {<Go to ISI>://WOS:000250618500016},
   year = {2007},
   type = {Journal Article}
}

@article{RN62,
   author = {Potel, C. M. and Lin, M. H. and Heck, A. J. R. and Lemeer, S.},
   title = {Defeating Major Contaminants in Fe(3+)- Immobilized Metal Ion Affinity Chromatography (IMAC) Phosphopeptide Enrichment},
   journal = {Mol Cell Proteomics},
   volume = {17},
   number = {5},
   pages = {1028-1034},
   ISSN = {1535-9484 (Electronic)
1535-9476 (Linking)},
   DOI = {10.1074/mcp.TIR117.000518},
   url = {https://www.ncbi.nlm.nih.gov/pubmed/29449344},
   year = {2018},
   type = {Journal Article}
}

@article{RN21,
   author = {Rath, Sneha and Sharma, Rohit and Gupta, Rahul and Ast, Tslil and Chan, Connie and Durham, Timothy J and Goodman, Russell P and Grabarek, Zenon and Haas, Mary E and Hung, Wendy H W and Joshi, Pallavi R and Jourdain, Alexis A and Kim, Sharon H and Kotrys, Anna V and Lam, Stephanie S and McCoy, Jason G and Meisel, Joshua D and Miranda, Maria and Panda, Apekshya and Patgiri, Anupam and Rogers, Robert and Sadre, Shayan and Shah, Hardik and Skinner, Owen S and To, Tsz-Leung and Walker, Melissa A and Wang, Hong and Ward, Patrick S and Wengrod, Jordan and Yuan, Chen-Ching and Calvo, Sarah E and Mootha, Vamsi K},
   title = {MitoCarta3.0: an updated mitochondrial proteome now with sub-organelle localization and pathway annotations},
   journal = {Nucleic Acids Research},
   volume = {49},
   number = {D1},
   pages = {D1541-D1547},
   ISSN = {0305-1048},
   DOI = {10.1093/nar/gkaa1011},
   url = {https://doi.org/10.1093/nar/gkaa1011},
   year = {2020},
   type = {Journal Article}
}

@article{RN3,
   author = {Rinaldi, C. and Grunseich, C. and Sevrioukova, I. F. and Schindler, A. and Horkayne-Szakaly, I. and Lamperti, C. and Landoure, G. and Kennerson, M. L. and Burnett, B. G. and Bonnemann, C. and Biesecker, L. G. and Ghezzi, D. and Zeviani, M. and Fischbeck, K. H.},
   title = {Cowchock Syndrome Is Associated with a Mutation in Apoptosis-Inducing Factor},
   journal = {American Journal of Human Genetics},
   volume = {91},
   number = {6},
   pages = {1095-1102},
   ISSN = {0002-9297},
   DOI = {10.1016/j.ajhg.2012.10.008},
   url = {<Go to ISI>://WOS:000312417400013},
   year = {2012},
   type = {Journal Article}
}

@article{RN63,
   author = {Ruprecht, B. and Zecha, J. and Zolg, D. P. and Kuster, B.},
   title = {High pH Reversed-Phase Micro-Columns for Simple, Sensitive, and Efficient Fractionation of Proteome and (TMT labeled) Phosphoproteome Digests},
   journal = {Methods Mol Biol},
   volume = {1550},
   pages = {83-98},
   ISSN = {1940-6029 (Electronic)
1064-3745 (Linking)},
   DOI = {10.1007/978-1-4939-6747-6_8},
   url = {https://www.ncbi.nlm.nih.gov/pubmed/28188525},
   year = {2017},
   type = {Journal Article}
}

@article{RN19,
   author = {Ryl, P. S. J. and Bohlke-Schneider, M. and Lenz, S. and Fischer, L. and Budzinski, L. and Stuiver, M. and Mendes, M. M. L. and Sinn, L. and O'Reilly, F. J. and Rappsilber, J.},
   title = {In Situ Structural Restraints from Cross-Linking Mass Spectrometry in Human Mitochondria},
   journal = {J Proteome Res},
   volume = {19},
   number = {1},
   pages = {327-336},
   ISSN = {1535-3907 (Electronic)
1535-3893 (Linking)},
   DOI = {10.1021/acs.jproteome.9b00541},
   url = {https://www.ncbi.nlm.nih.gov/pubmed/31746214},
   year = {2020},
   type = {Journal Article}
}

@article{RN1,
   author = {Saraste, M.},
   title = {Oxidative Phosphorylation at the fin de siecle},
   journal = {Science},
   volume = {283},
   pages = {1488-1493},
   year = {1999},
   type = {Journal Article}
}

@article{RN54,
   author = {Sato, W. and Hitaoka, S. and Inoue, K. and Imai, M. and Saio, T. and Uchida, T. and Shinzawa-Itoh, K. and Yoshikawa, S. and Yoshizawa, K. and Ishimori, K.},
   title = {Energetic Mechanism of Cytochrome c-Cytochrome c Oxidase Electron Transfer Complex Formation under Turnover Conditions Revealed by Mutational Effects and Docking Simulation},
   journal = {J Biol Chem},
   volume = {291},
   number = {29},
   pages = {15320-31},
   ISSN = {1083-351X (Electronic)
0021-9258 (Linking)},
   DOI = {10.1074/jbc.M115.708065},
   url = {https://www.ncbi.nlm.nih.gov/pubmed/27226541},
   year = {2016},
   type = {Journal Article}
}

@article{RN24,
   author = {Schägger, H. and Pfeiffer, K.},
   title = {Supercomplexes in the respiratory chains of yeast and mammalian mitochondria},
   journal = {The EMBO Journal},
   volume = {19},
   number = {8},
   pages = {1777-1783},
   year = {2000},
   type = {Journal Article}
}

@article{RN17,
   author = {Schweppe, D. K. and Chavez, J. D. and Lee, C. F. and Caudal, A. and Kruse, S. E. and Stuppard, R. and Marcinek, D. J. and Shadel, G. S. and Tian, R. and Bruce, J. E.},
   title = {Mitochondrial protein interactome elucidated by chemical cross-linking mass spectrometry},
   journal = {Proc Natl Acad Sci U S A},
   volume = {114},
   number = {7},
   pages = {1732-1737},
   ISSN = {1091-6490 (Electronic)
0027-8424 (Linking)},
   DOI = {10.1073/pnas.1617220114},
   url = {https://www.ncbi.nlm.nih.gov/pubmed/28130547},
   year = {2017},
   type = {Journal Article}
}

@article{RN33,
   author = {Sevrioukova, I. F.},
   title = {Apoptosis-inducing factor: structure, function, and redox regulation},
   journal = {Antioxid Redox Signal},
   volume = {14},
   number = {12},
   pages = {2545-79},
   ISSN = {1557-7716 (Electronic)
1523-0864 (Linking)},
   DOI = {10.1089/ars.2010.3445},
   url = {https://www.ncbi.nlm.nih.gov/pubmed/20868295},
   year = {2011},
   type = {Journal Article}
}

@article{RN57,
   author = {Shimada, S. and Shinzawa-Itoh, K. and Baba, J. and Aoe, S. and Shimada, A. and Yamashita, E. and Kang, J. and Tateno, M. and Yoshikawa, S. and Tsukihara, T.},
   title = {Complex structure of cytochrome c-cytochrome c oxidase reveals a novel protein-protein interaction mode},
   journal = {EMBO J},
   volume = {36},
   number = {3},
   pages = {291-300},
   ISSN = {1460-2075 (Electronic)
0261-4189 (Linking)},
   DOI = {10.15252/embj.201695021},
   url = {https://www.ncbi.nlm.nih.gov/pubmed/27979921},
   year = {2017},
   type = {Journal Article}
}

@article{RN60,
   author = {Sinjorgo, K.M.C. and Steinebach, O.M. and Dekker, H.L. and Muijsers, A.O.},
   title = {The effects of pH and ionic strength on cytochrome c oxidase steady-state kinetics reveal a catalytic and a non-catalytic interaction domain for cytochrome c},
   journal = {Biochim. Biophys. Acta},
   volume = {850},
   pages = {108-115},
   year = {1986},
   type = {Journal Article}
}

@article{RN27,
   author = {Spikes, T. E. and Montgomery, M. G. and Walker, J. E.},
   title = {Structure of the dimeric ATP synthase from bovine mitochondria},
   journal = {Proc Natl Acad Sci U S A},
   volume = {117},
   number = {38},
   pages = {23519-23526},
   ISSN = {1091-6490 (Electronic)
0027-8424 (Linking)},
   DOI = {10.1073/pnas.2013998117},
   url = {https://www.ncbi.nlm.nih.gov/pubmed/32900941},
   year = {2020},
   type = {Journal Article}
}

@article{RN13,
   author = {Steigenberger, B. and Pieters, R. J. and Heck, A. J. R. and Scheltema, R. A.},
   title = {PhoX: An IMAC-Enrichable Cross-Linking Reagent},
   journal = {ACS Cent Sci},
   volume = {5},
   number = {9},
   pages = {1514-1522},
   ISSN = {2374-7943 (Print)
2374-7943 (Linking)},
   DOI = {10.1021/acscentsci.9b00416},
   url = {https://www.ncbi.nlm.nih.gov/pubmed/31572778},
   year = {2019},
   type = {Journal Article}
}

@article{RN2,
   author = {Susin, S. A. and Lorenzo, H. K. and Zamzami, N. and Marzo, I. and Snow, B. E. and Brothers, G. M. and Mangion, J. and Jacotot, E. and Costantini, P. and Loeffler, M. and Larochette, N. and Goodlett, D. R. and Aebersold, R. and Siderovski, D. P. and Penninger, J. M. and Kroemer, G.},
   title = {Molecular characterization of mitochondrial apoptosis-inducing factor},
   journal = {Nature},
   volume = {397},
   number = {6718},
   pages = {441-6},
   ISSN = {0028-0836 (Print)
0028-0836 (Linking)},
   DOI = {10.1038/17135},
   url = {https://www.ncbi.nlm.nih.gov/pubmed/9989411},
   year = {1999},
   type = {Journal Article}
}

@article{RN49,
   author = {Troulinaki, K. and Buttner, S. and Marsal Cots, A. and Maida, S. and Meyer, K. and Bertan, F. and Gioran, A. and Piazzesi, A. and Fornarelli, A. and Nicotera, P. and Bano, D.},
   title = {WAH-1/AIF regulates mitochondrial oxidative phosphorylation in the nematode Caenorhabditis elegans},
   journal = {Cell Death Discov},
   volume = {4},
   pages = {2},
   ISSN = {2058-7716 (Print)
2058-7716 (Linking)},
   DOI = {10.1038/s41420-017-0005-6},
   url = {https://www.ncbi.nlm.nih.gov/pubmed/29531799},
   year = {2018},
   type = {Journal Article}
}

@article{RN42,
   author = {Tsukihara, T. and Shimokata, K. and Katayama, Y. and Shimada, H. and Muramoto, K. and Aoyoma, H. and Mochizuki, M. and Shinzawa-Itoh, K. and Yamashita, E. and Yao, M. and Ishimura, Y. and Yoshikawa, S.},
   title = {The low-spin heme of cytochrome c oxidase as the driving element of the proton-pumping process},
   journal = {Proceedings of the National Academy of Sciences of the United States of America},
   volume = {100},
   number = {26},
   pages = {15304-15309},
   ISSN = {0027-8424},
   url = {<Go to ISI>://000187554600006},
   year = {2003},
   type = {Journal Article}
}

@article{RN4,
   author = {Vahsen, N. and Cande, C. and Briere, J. J. and Benit, P. and Joza, N. and Larochette, N. and Mastroberardino, P. G. and Pequignot, M. O. and Casares, N. and Lazar, V. and Feraud, O. and Debili, N. and Wissing, S. and Engelhardt, S. and Madeo, F. and Piacentini, M. and Penninger, J. M. and Schagger, H. and Rustin, P. and Kroemer, G.},
   title = {AIF deficiency compromises oxidative phosphorylation},
   journal = {EMBO J},
   volume = {23},
   number = {23},
   pages = {4679-89},
   ISSN = {0261-4189 (Print)
0261-4189 (Linking)},
   DOI = {10.1038/sj.emboj.7600461},
   url = {https://www.ncbi.nlm.nih.gov/pubmed/15526035},
   year = {2004},
   type = {Journal Article}
}

@article{RN73,
   author = {van Strien, J. and Haupt, A. and Schulte, U. and Braun, H. P. and Cabrera-Orefice, A. and Choudhary, J. S. and Evers, F. and Fernandez-Vizarra, E. and Guerrero-Castillo, S. and Kooij, T. W. A. and Palenikova, P. and Pardo, M. and Ugalde, C. and Wittig, I. and Wohlbrand, L. and Brandt, U. and Arnold, S. and Huynen, M. A.},
   title = {CEDAR, an online resource for the reporting and exploration of complexome profiling data},
   journal = {Biochim Biophys Acta Bioenerg},
   volume = {1862},
   number = {7},
   pages = {148411},
   ISSN = {1879-2650 (Electronic)
0005-2728 (Linking)},
   DOI = {10.1016/j.bbabio.2021.148411},
   url = {https://www.ncbi.nlm.nih.gov/pubmed/33722514},
   year = {2021},
   type = {Journal Article}
}

@article{RN44,
   author = {van Zundert, G. C. and Bonvin, A. M.},
   title = {DisVis: quantifying and visualizing accessible interaction space of distance-restrained biomolecular complexes},
   journal = {Bioinformatics},
   volume = {31},
   number = {19},
   pages = {3222-4},
   ISSN = {1367-4811 (Electronic)
1367-4803 (Linking)},
   DOI = {10.1093/bioinformatics/btv333},
   url = {https://www.ncbi.nlm.nih.gov/pubmed/26026169},
   year = {2015},
   type = {Journal Article}
}

@article{RN45,
   author = {van Zundert, G. C. P. and Rodrigues, Jpglm and Trellet, M. and Schmitz, C. and Kastritis, P. L. and Karaca, E. and Melquiond, A. S. J. and van Dijk, M. and de Vries, S. J. and Bonvin, Amjj},
   title = {The HADDOCK2.2 Web Server: User-Friendly Integrative Modeling of Biomolecular Complexes},
   journal = {J Mol Biol},
   volume = {428},
   number = {4},
   pages = {720-725},
   ISSN = {1089-8638 (Electronic)
0022-2836 (Linking)},
   DOI = {10.1016/j.jmb.2015.09.014},
   url = {https://www.ncbi.nlm.nih.gov/pubmed/26410586},
   year = {2016},
   type = {Journal Article}
}

@article{RN72,
   author = {Vizcaino, J. A. and Csordas, A. and Del-Toro, N. and Dianes, J. A. and Griss, J. and Lavidas, I. and Mayer, G. and Perez-Riverol, Y. and Reisinger, F. and Ternent, T. and Xu, Q. W. and Wang, R. and Hermjakob, H.},
   title = {2016 update of the PRIDE database and its related tools},
   journal = {Nucleic Acids Res},
   volume = {44},
   number = {22},
   pages = {11033},
   ISSN = {1362-4962 (Electronic)
0305-1048 (Linking)},
   DOI = {10.1093/nar/gkw880},
   url = {https://www.ncbi.nlm.nih.gov/pubmed/27683222},
   year = {2016},
   type = {Journal Article}
}

@article{RN66,
   author = {Wittig, I. and Braun, H. P. and Schagger, H.},
   title = {Blue native PAGE},
   journal = {Nature Protocols},
   volume = {1},
   number = {1},
   pages = {418-428},
   ISSN = {1754-2189},
   DOI = {10.1038/nprot.2006.62},
   url = {<Go to ISI>://000251002200061},
   year = {2006},
   type = {Journal Article}
}

@article{RN69,
   author = {Xue, L. C. and Rodrigues, J. P. and Kastritis, P. L. and Bonvin, A. M. and Vangone, A.},
   title = {PRODIGY: a web server for predicting the binding affinity of protein-protein complexes},
   journal = {Bioinformatics},
   volume = {32},
   number = {23},
   pages = {3676-3678},
   ISSN = {1367-4811 (Electronic)
1367-4803 (Linking)},
   DOI = {10.1093/bioinformatics/btw514},
   url = {https://www.ncbi.nlm.nih.gov/pubmed/27503228},
   year = {2016},
   type = {Journal Article}
}

@article{RN39,
   author = {Yang, J. and Anishchenko, I. and Park, H. and Peng, Z. and Ovchinnikov, S. and Baker, D.},
   title = {Improved protein structure prediction using predicted interresidue orientations},
   journal = {Proc Natl Acad Sci U S A},
   volume = {117},
   number = {3},
   pages = {1496-1503},
   ISSN = {1091-6490 (Electronic)
0027-8424 (Linking)},
   DOI = {10.1073/pnas.1914677117},
   url = {https://www.ncbi.nlm.nih.gov/pubmed/31896580},
   year = {2020},
   type = {Journal Article}
}

@article{RN46,
   author = {Yang, Z. and Lasker, K. and Schneidman-Duhovny, D. and Webb, B. and Huang, C. C. and Pettersen, E. F. and Goddard, T. D. and Meng, E. C. and Sali, A. and Ferrin, T. E.},
   title = {UCSF Chimera, MODELLER, and IMP: an integrated modeling system},
   journal = {J Struct Biol},
   volume = {179},
   number = {3},
   pages = {269-78},
   ISSN = {1095-8657 (Electronic)
1047-8477 (Linking)},
   DOI = {10.1016/j.jsb.2011.09.006},
   url = {https://www.ncbi.nlm.nih.gov/pubmed/21963794},
   year = {2012},
   type = {Journal Article}
}

@article{RN43,
   author = {Zong, S. and Wu, M. and Gu, J. K. and Liu, T. Y. and Guo, R. Y. and Yang, M. J.},
   title = {Structure of the intact 14-subunit human cytochrome c oxidase},
   journal = {Cell Research},
   volume = {28},
   number = {10},
   pages = {1026-1034},
   ISSN = {1001-0602},
   DOI = {10.1038/s41422-018-0071-1},
   url = {<Go to ISI>://WOS:000446172500008},
   year = {2018},
   type = {Journal Article}
}
