@article{Afgan_2016,
   author = {Afgan, E. and Baker, D. and van den Beek, M. and Blankenberg, D. and Bouvier, D. and Cech, M. and Chilton, J. and Clements, D. and Coraor, N. and Eberhard, C. and Gruning, B. and Guerler, A. and Hillman-Jackson, J. and Von Kuster, G. and Rasche, E. and Soranzo, N. and Turaga, N. and Taylor, J. and Nekrutenko, A. and Goecks, J.},
   title = {The Galaxy platform for accessible2016 update},
   journal = {Nucleic Acids Research},
   volume = {44},
   number = {W1},
   pages = {W3-W10},
   ISSN = {0305-1048},
   DOI = {10.1093/nar/gkw343},
   url = {<Go to ISI>://WOS:000379786800002},
   year = {2016},
   type = {Journal Article}
}

@article{Allen_2005,
   author = {Allen, M. D. and Broadhurst, R. W. and Solomon, R. G. and Perham, R. N.},
   title = {Interaction of the E2 and E3 components of the pyruvate dehydrogenase multienzyme complex of Bacillus stearothermophilus. Use of a truncated protein domain in NMR spectroscopy},
   journal = {FEBS J},
   volume = {272},
   number = {1},
   pages = {259-68},
   ISSN = {1742-464X (Print)
1742-464X (Linking)},
   DOI = {10.1111/j.1432-1033.2004.04405.x},
   url = {https://www.ncbi.nlm.nih.gov/pubmed/15634348},
   year = {2005},
   type = {Journal Article}
}

@article{Ashkenazy_2016,
   author = {Ashkenazy, H. and Abadi, S. and Martz, E. and Chay, O. and Mayrose, I. and Pupko, T. and Ben-Tal, N.},
   title = {ConSurf 2016: an improved methodology to estimate and visualize evolutionary conservation in macromolecules},
   journal = {Nucleic Acids Research},
   volume = {44},
   number = {W1},
   pages = {W344-W350},
   ISSN = {0305-1048},
   DOI = {10.1093/nar/gkw408},
   url = {<Go to ISI>://WOS:000379786800057},
   year = {2016},
   type = {Journal Article}
}

@article{Bailey_2015,
   author = {Bailey, T. L. and Johnson, J. and Grant, C. E. and Noble, W. S.},
   title = {The MEME Suite},
   journal = {Nucleic Acids Research},
   volume = {43},
   number = {W1},
   pages = {W39-W49},
   ISSN = {0305-1048},
   DOI = {10.1093/nar/gkv416},
   url = {<Go to ISI>://WOS:000359772700007},
   year = {2015},
   type = {Journal Article}
}

@article{Behal_1994,
   author = {Behal, R. H. and Debuysere, M. S. and Demeler, B. and Hansen, J. C. and Olson, M. S.},
   title = {Pyruvate-Dehydrogenase Multienzyme Complex - Characterization of Assembly Intermediates by Sedimentation-Velocity Analysis},
   journal = {Journal of Biological Chemistry},
   volume = {269},
   number = {50},
   pages = {31372-31377},
   ISSN = {0021-9258},
   url = {<Go to ISI>://WOS:A1994PX30300010},
   year = {1994},
   type = {Journal Article}
}

@article{Blum_2021,
   author = {Blum, M. and Chang, H. Y. and Chuguransky, S. and Grego, T. and Kandasaamy, S. and Mitchell, A. and Nuka, G. and Paysan-Lafosse, T. and Qureshi, M. and Raj, S. and Richardson, L. and Salazar, G. A. and Williams, L. and Bork, P. and Bridge, A. and Gough, J. and Haft, D. H. and Letunic, I. and Marchler-Bauer, A. and Mi, H. and Natale, D. A. and Necci, M. and Orengo, C. A. and Pandurangan, A. P. and Rivoire, C. and Sigrist, C. J. A. and Sillitoe, I. and Thanki, N. and Thomas, P. D. and Tosatto, S. C. E. and Wu, C. H. and Bateman, A. and Finn, R. D.},
   title = {The InterPro protein families and domains database: 20 years on},
   journal = {Nucleic Acids Res},
   volume = {49},
   number = {D1},
   pages = {D344-D354},
   ISSN = {1362-4962 (Electronic)
0305-1048 (Linking)},
   DOI = {10.1093/nar/gkaa977},
   url = {https://www.ncbi.nlm.nih.gov/pubmed/33156333},
   year = {2021},
   type = {Journal Article}
}

@article{Brautigam_2005,
   author = {Brautigam, C. A. and Chuang, J. L. and Tomchick, D. R. and Machius, M. and Chuang, D. T.},
   title = {Crystal structure of human dihydrolipoamide dehydrogenase: NAD(+)/NADH binding and the structural basis of disease-causing mutations},
   journal = {Journal of Molecular Biology},
   volume = {350},
   number = {3},
   pages = {543-552},
   ISSN = {0022-2836},
   DOI = {10.1016/j.jmb.2005.05.014},
   url = {<Go to ISI>://WOS:000230296700012},
   year = {2005},
   type = {Journal Article}
}

@article{Cabrera-Orefice_2021,
   author = {Cabrera-Orefice, A. and Potter, A. and Evers, F. and Hevler, J. F. and Guerrero-Castillo, S.},
   title = {Complexome Profiling-Exploring Mitochondrial Protein Complexes in Health and Disease},
   journal = {Front Cell Dev Biol},
   volume = {9},
   pages = {796128},
   ISSN = {2296-634X (Print)
2296-634X (Linking)},
   DOI = {10.3389/fcell.2021.796128},
   url = {https://www.ncbi.nlm.nih.gov/pubmed/35096826},
   year = {2021},
   type = {Journal Article}
}

@article{Cavalcanti_2014,
   author = {Cavalcanti, J. H. and Esteves-Ferreira, A. A. and Quinhones, C. G. and Pereira-Lima, I. A. and Nunes-Nesi, A. and Fernie, A. R. and Araujo, W. L.},
   title = {Evolution and functional implications of the tricarboxylic acid cycle as revealed by phylogenetic analysis},
   journal = {Genome Biol Evol},
   volume = {6},
   number = {10},
   pages = {2830-48},
   ISSN = {1759-6653 (Electronic)
1759-6653 (Linking)},
   DOI = {10.1093/gbe/evu221},
   url = {https://www.ncbi.nlm.nih.gov/pubmed/25274566},
   year = {2014},
   type = {Journal Article}
}

@article{Chandrasekhar_2013,
   author = {Chandrasekhar, K. and Wang, J. and Arjunan, P. and Sax, M. and Park, Y. H. and Nemeria, N. S. and Kumaran, S. and Song, J. and Jordan, F. and Furey, W.},
   title = {Insight to the interaction of the dihydrolipoamide acetyltransferase (E2) core with the peripheral components in the Escherichia coli pyruvate dehydrogenase complex via multifaceted structural approaches},
   journal = {J Biol Chem},
   volume = {288},
   number = {21},
   pages = {15402-17},
   ISSN = {1083-351X (Electronic)
0021-9258 (Linking)},
   DOI = {10.1074/jbc.M113.466789},
   url = {https://www.ncbi.nlm.nih.gov/pubmed/23580650},
   year = {2013},
   type = {Journal Article}
}

@article{Chatzispyrou_2018,
   author = {Chatzispyrou, I. A. and Guerrero-Castillo, S. and Held, N. M. and Ruiter, J. P. N. and Denis, S. W. and L, I. Jlst and Wanders, R. J. and van Weeghel, M. and Ferdinandusse, S. and Vaz, F. M. and Brandt, U. and Houtkooper, R. H.},
   title = {Barth syndrome cells display widespread remodeling of mitochondrial complexes without affecting metabolic flux distribution},
   journal = {Biochim Biophys Acta Mol Basis Dis},
   volume = {1864},
   number = {11},
   pages = {3650-3658},
   ISSN = {1879-260X (Electronic)
0925-4439 (Linking)},
   DOI = {10.1016/j.bbadis.2018.08.041},
   url = {https://www.ncbi.nlm.nih.gov/pubmed/30251684},
   year = {2018},
   type = {Journal Article}
}

@article{Ciszak_2006,
   author = {Ciszak, E. M. and Makal, A. and Hong, Y. S. and Vettaikkorumakankauv, A. K. and Korotchkina, L. G. and Patel, M. S.},
   title = {How dihydrolipoamide dehydrogenase-binding protein binds dihydrolipoamide dehydrogenase in the human pyruvate dehydrogenase complex},
   journal = {Journal of Biological Chemistry},
   volume = {281},
   number = {1},
   pages = {648-655},
   ISSN = {0021-9258},
   DOI = {DOI 10.1074/jbc.M507850200},
   url = {<Go to ISI>://WOS:000234307200077},
   year = {2006},
   type = {Journal Article}
}

@article{Cox_2008,
   author = {Cox, J. and Mann, M.},
   title = {MaxQuant enables high peptide identification rates, individualized p.p.b.-range mass accuracies and proteome-wide protein quantification},
   journal = {Nature Biotechnology},
   volume = {26},
   number = {12},
   pages = {1367-1372},
   ISSN = {1087-0156},
   DOI = {10.1038/nbt.1511},
   url = {<Go to ISI>://WOS:000261591300022},
   year = {2008},
   type = {Journal Article}
}

@article{Evans_2022,
   author = {Evans, Richard and O’Neill, Michael and Pritzel, Alexander and Antropova, Natasha and Senior, Andrew and Green, Tim and Žídek, Augustin and Bates, Russ and Blackwell, Sam and Yim, Jason and Ronneberger, Olaf and Bodenstein, Sebastian and Zielinski, Michal and Bridgland, Alex and Potapenko, Anna and Cowie, Andrew and Tunyasuvunakool, Kathryn and Jain, Rishub and Clancy, Ellen and Kohli, Pushmeet and Jumper, John and Hassabis, Demis},
   title = {Protein complex prediction with AlphaFold-Multimer},
   journal = {bioRxiv},
   pages = {2021.10.04.463034},
   DOI = {10.1101/2021.10.04.463034},
   url = {https://www.biorxiv.org/content/biorxiv/early/2022/03/10/2021.10.04.463034.full.pdf},
   year = {2022},
   type = {Journal Article}
}

@article{Evers_2021,
   author = {Evers, F. and Cabrera-Orefice, A. and Elurbe, D. M. and Kea-te Lindert, M. and Boltryk, S. D. and Voss, T. S. and Huynen, M. A. and Brandt, U. and Kooij, T. W. A.},
   title = {Composition and stage dynamics of mitochondrial complexes in Plasmodium falciparum},
   journal = {Nature Communications},
   volume = {12},
   number = {1},
   ISSN = {2041-1723},
   DOI = {ARTN 3820
10.1038/s41467-021-23919-x},
   url = {<Go to ISI>://WOS:000667249200009},
   year = {2021},
   type = {Journal Article}
}

@article{Frank_2005,
   author = {Frank, R. A. and Pratap, J. V. and Pei, X. Y. and Perham, R. N. and Luisi, B. F.},
   title = {The molecular origins of specificity in the assembly of a multienzyme complex},
   journal = {Structure},
   volume = {13},
   number = {8},
   pages = {1119-30},
   ISSN = {0969-2126 (Print)
0969-2126 (Linking)},
   DOI = {10.1016/j.str.2005.04.021},
   url = {https://www.ncbi.nlm.nih.gov/pubmed/16084384},
   year = {2005},
   type = {Journal Article}
}

@article{Frank_2007,
   author = {Frank, R. A. and Price, A. J. and Northrop, F. D. and Perham, R. N. and Luisi, B. F.},
   title = {Crystal structure of the E1 component of the Escherichia coli 2-oxoglutarate dehydrogenase multienzyme complex},
   journal = {J Mol Biol},
   volume = {368},
   number = {3},
   pages = {639-51},
   ISSN = {0022-2836 (Print)
0022-2836 (Linking)},
   DOI = {10.1016/j.jmb.2007.01.080},
   url = {https://www.ncbi.nlm.nih.gov/pubmed/17367808},
   year = {2007},
   type = {Journal Article}
}

@article{Fries_2007,
   author = {Fries, M. and Stott, K. M. and Reynolds, S. and Perham, R. N.},
   title = {Distinct modes of recognition of the lipoyl domain as substrate by the E1 and E3 components of the pyruvate dehydrogenase multienzyme complex},
   journal = {Journal of Molecular Biology},
   volume = {366},
   number = {1},
   pages = {132-139},
   ISSN = {0022-2836},
   DOI = {10.1016/j.jmb.2006.11.018},
   url = {<Go to ISI>://WOS:000244161200011},
   year = {2007},
   type = {Journal Article}
}

@article{Gleason_1994,
   author = {Gleason, W. B. and Fu, Z. and Birktoft, J. and Banaszak, L.},
   title = {Refined crystal structure of mitochondrial malate dehydrogenase from porcine heart and the consensus structure for dicarboxylic acid oxidoreductases},
   journal = {Biochemistry},
   volume = {33},
   number = {8},
   pages = {2078-88},
   ISSN = {0006-2960 (Print)
0006-2960 (Linking)},
   DOI = {10.1021/bi00174a014},
   url = {https://www.ncbi.nlm.nih.gov/pubmed/8117664},
   year = {1994},
   type = {Journal Article}
}

@article{Gray_2015,
   author = {Gray, M. W.},
   title = {Mosaic nature of the mitochondrial proteome: Implications for the origin and evolution of mitochondria},
   journal = {Proc Natl Acad Sci U S A},
   volume = {112},
   number = {33},
   pages = {10133-8},
   ISSN = {1091-6490 (Electronic)
0027-8424 (Linking)},
   DOI = {10.1073/pnas.1421379112},
   url = {https://www.ncbi.nlm.nih.gov/pubmed/25848019},
   year = {2015},
   type = {Journal Article}
}

@article{Guerrero-Castillo_2017,
   author = {Guerrero-Castillo, S. and Baertling, F. and Kownatzki, D. and Wessels, H. J. and Arnold, S. and Brandt, U. and Nijtmans, L.},
   title = {The Assembly Pathway of Mitochondrial Respiratory Chain Complex I},
   journal = {Cell Metab},
   volume = {25},
   number = {1},
   pages = {128-139},
   ISSN = {1932-7420 (Electronic)
1550-4131 (Linking)},
   DOI = {10.1016/j.cmet.2016.09.002},
   url = {https://www.ncbi.nlm.nih.gov/pubmed/27720676},
   year = {2017},
   type = {Journal Article}
}

@article{Guerrero-Castillo_2021,
   author = {Guerrero-Castillo, S. and van Strien, J. and Brandt, U. and Arnold, S.},
   title = {Ablation of mitochondrial DNA results in widespread remodeling of the mitochondrial complexome},
   journal = {EMBO J},
   volume = {40},
   number = {21},
   pages = {e108648},
   ISSN = {1460-2075 (Electronic)
0261-4189 (Linking)},
   DOI = {10.15252/embj.2021108648},
   url = {https://www.ncbi.nlm.nih.gov/pubmed/34542926},
   year = {2021},
   type = {Journal Article}
}

@article{Heath_2007,
   author = {Heath, C. and Posner, M. G. and Aass, H. C. and Upadhyay, A. and Scott, D. J. and Hough, D. W. and Danson, M. J.},
   title = {The 2-oxoacid dehydrogenase multi-enzyme complex of the archaeon Thermoplasma acidophilum - recombinant expression, assembly and characterization},
   journal = {FEBS J},
   volume = {274},
   number = {20},
   pages = {5406-15},
   ISSN = {1742-464X (Print)
1742-464X (Linking)},
   DOI = {10.1111/j.1742-4658.2007.06067.x},
   url = {https://www.ncbi.nlm.nih.gov/pubmed/17894823},
   year = {2007},
   type = {Journal Article}
}

@article{Heublein_2014,
   author = {Heublein, M. and Burguillos, M. A. and Vogtle, F. N. and Teixeira, P. F. and Imhof, A. and Meisinger, C. and Ott, M.},
   title = {The novel component Kgd4 recruits the E3 subunit to the mitochondrial alpha-ketoglutarate dehydrogenase},
   journal = {Mol Biol Cell},
   volume = {25},
   number = {21},
   pages = {3342-9},
   ISSN = {1939-4586 (Electronic)
1059-1524 (Linking)},
   DOI = {10.1091/mbc.E14-07-1178},
   url = {https://www.ncbi.nlm.nih.gov/pubmed/25165143},
   year = {2014},
   type = {Journal Article}
}

@article{Hevler_2021a,
   author = {Hevler, J. F. and Lukassen, M. V. and Cabrera-Orefice, A. and Arnold, S. and Pronker, M. F. and Franc, V. and Heck, A. J. R.},
   title = {Selective cross-linking of coinciding protein assemblies by in-gel cross-linking mass spectrometry},
   journal = {EMBO J},
   volume = {40},
   number = {4},
   pages = {e106174},
   ISSN = {1460-2075 (Electronic)
0261-4189 (Linking)},
   DOI = {10.15252/embj.2020106174},
   url = {https://www.ncbi.nlm.nih.gov/pubmed/33459420},
   year = {2021},
   type = {Journal Article}
}

@article{Hevler_2021b,
   author = {Hevler, J. F. and Zenezeni Chiozzi, R. and Cabrera-Orefice, A. and Brandt, U. and Arnold, S. and Heck, A. J. R.},
   title = {Molecular characterization of a complex of apoptosis-inducing factor 1 with cytochrome c oxidase of the mitochondrial respiratory chain},
   journal = {Proc Natl Acad Sci U S A},
   volume = {118},
   number = {39},
   ISSN = {1091-6490 (Electronic)
0027-8424 (Linking)},
   DOI = {10.1073/pnas.2106950118},
   url = {https://www.ncbi.nlm.nih.gov/pubmed/34548399},
   year = {2021},
   type = {Journal Article}
}

@article{Huerta-Cepas_2019,
   author = {Huerta-Cepas, J. and Szklarczyk, D. and Heller, D. and Hernandez-Plaza, A. and Forslund, S. K. and Cook, H. and Mende, D. R. and Letunic, I. and Rattei, T. and Jensen, L. J. and von Mering, C. and Bork, P.},
   title = {eggNOG 5.0: a hierarchical2502 viruses},
   journal = {Nucleic Acids Research},
   volume = {47},
   number = {D1},
   pages = {D309-D314},
   ISSN = {0305-1048},
   DOI = {10.1093/nar/gky1085},
   url = {<Go to ISI>://WOS:000462587400046},
   year = {2019},
   type = {Journal Article}
}

@article{Joyce_2000,
   author = {Joyce, M. A. and Fraser, M. E. and James, M. N. and Bridger, W. A. and Wolodko, W. T.},
   title = {ADP-binding site of Escherichia coli succinyl-CoA synthetase revealed by x-ray crystallography},
   journal = {Biochemistry},
   volume = {39},
   number = {1},
   pages = {17-25},
   ISSN = {0006-2960 (Print)
0006-2960 (Linking)},
   DOI = {10.1021/bi991696f},
   url = {https://www.ncbi.nlm.nih.gov/pubmed/10625475},
   year = {2000},
   type = {Journal Article}
}

@article{Jumper_2021,
   author = {Jumper, J. and Evans, R. and Pritzel, A. and Green, T. and Figurnov, M. and Ronneberger, O. and Tunyasuvunakool, K. and Bates, R. and Zidek, A. and Potapenko, A. and Bridgland, A. and Meyer, C. and Kohl, S. A. A. and Ballard, A. J. and Cowie, A. and Romera-Paredes, B. and Nikolov, S. and Jain, R. and Adler, J. and Back, T. and Petersen, S. and Reiman, D. and Clancy, E. and Zielinski, M. and Steinegger, M. and Pacholska, M. and Berghammer, T. and Bodenstein, S. and Silver, D. and Vinyals, O. and Senior, A. W. and Kavukcuoglu, K. and Kohli, P. and Hassabis, D.},
   title = {Highly accurate protein structure prediction with AlphaFold},
   journal = {Nature},
   volume = {596},
   number = {7873},
   pages = {583-589},
   ISSN = {1476-4687 (Electronic)
0028-0836 (Linking)},
   DOI = {10.1038/s41586-021-03819-2},
   url = {https://www.ncbi.nlm.nih.gov/pubmed/34265844},
   year = {2021},
   type = {Journal Article}
}

@article{Kaila_2021,
   author = {Kaila, V. R. I. and Wikstrom, M.},
   title = {Architecture of bacterial respiratory chains},
   journal = {Nat Rev Microbiol},
   volume = {19},
   number = {5},
   pages = {319-330},
   ISSN = {1740-1534 (Electronic)
1740-1526 (Linking)},
   DOI = {10.1038/s41579-020-00486-4},
   url = {https://www.ncbi.nlm.nih.gov/pubmed/33437024},
   year = {2021},
   type = {Journal Article}
}

@article{Klykov_2018,
   author = {Klykov, O. and Steigenberger, B. and Pektas, S. and Fasci, D. and Heck, A. J. R. and Scheltema, R. A.},
   title = {Efficient and robust proteome-wide approaches for cross-linking mass spectrometry},
   journal = {Nature Protocols},
   volume = {13},
   number = {12},
   pages = {2964-2990},
   ISSN = {1754-2189},
   DOI = {10.1038/s41596-018-0074-x},
   url = {<Go to ISI>://WOS:000451343400012},
   year = {2018},
   type = {Journal Article}
}

@article{Knapp_1998,
   author = {Knapp, J. E. and Mitchell, D. T. and Yazdi, M. A. and Ernst, S. R. and Reed, L. J. and Hackert, M. L.},
   title = {Crystal structure of the truncated cubic core component of the Escherichia coli 2-oxoglutarate dehydrogenase multienzyme complex},
   journal = {J Mol Biol},
   volume = {280},
   number = {4},
   pages = {655-68},
   ISSN = {0022-2836 (Print)
0022-2836 (Linking)},
   DOI = {10.1006/jmbi.1998.1924},
   url = {https://www.ncbi.nlm.nih.gov/pubmed/9677295},
   year = {1998},
   type = {Journal Article}
}

@article{Kyrilis_2021,
   author = {Kyrilis, F. L. and Semchonok, D. A. and Skalidis, I. and Tuting, C. and Hamdi, F. and O'Reilly, F. J. and Rappsilber, J. and Kastritis, P. L.},
   title = {Integrative structure of a 10-megadalton eukaryotic pyruvate dehydrogenase complex from native cell extracts},
   journal = {Cell Rep},
   volume = {34},
   number = {6},
   pages = {108727},
   ISSN = {2211-1247 (Electronic)},
   DOI = {10.1016/j.celrep.2021.108727},
   url = {https://www.ncbi.nlm.nih.gov/pubmed/33567276},
   year = {2021},
   type = {Journal Article}
}

@article{Lagerwaard_2022,
   author = {Lagerwaard, Ilse M. and Albanese, Pascal and Jankevics, Andris and Scheltema, Richard A.},
   title = {Xlink Mapping and AnalySis (XMAS) - Smooth Integrative Modeling in ChimeraX},
   journal = {bioRxiv},
   pages = {2022.04.21.489026},
   DOI = {10.1101/2022.04.21.489026},
   url = {https://www.biorxiv.org/content/biorxiv/early/2022/04/22/2022.04.21.489026.full.pdf},
   year = {2022},
   type = {Journal Article}
}

@article{Lauble_1992,
   author = {Lauble, H. and Kennedy, M. C. and Beinert, H. and Stout, C. D.},
   title = {Crystal structures of aconitase with isocitrate and nitroisocitrate bound},
   journal = {Biochemistry},
   volume = {31},
   number = {10},
   pages = {2735-48},
   ISSN = {0006-2960 (Print)
0006-2960 (Linking)},
   DOI = {10.1021/bi00125a014},
   url = {https://www.ncbi.nlm.nih.gov/pubmed/1547214},
   year = {1992},
   type = {Journal Article}
}

@article{Lengyel_2008,
   author = {Lengyel, J. S. and Stott, K. M. and Wu, X. and Brooks, B. R. and Balbo, A. and Schuck, P. and Perham, R. N. and Subramaniam, S. and Milne, J. L.},
   title = {Extended polypeptide linkers establish the spatial architecture of a pyruvate dehydrogenase multienzyme complex},
   journal = {Structure},
   volume = {16},
   number = {1},
   pages = {93-103},
   ISSN = {0969-2126 (Print)
0969-2126 (Linking)},
   DOI = {10.1016/j.str.2007.10.017},
   url = {https://www.ncbi.nlm.nih.gov/pubmed/18184587},
   year = {2008},
   type = {Journal Article}
}

@article{Liu_2018,
   author = {Liu, F. and Lossl, P. and Rabbitts, B. M. and Balaban, R. S. and Heck, A. J. R.},
   title = {The interactome of intact mitochondria by cross-linking mass spectrometry provides evidence for coexisting respiratory supercomplexes},
   journal = {Mol Cell Proteomics},
   volume = {17},
   number = {2},
   pages = {216-232},
   ISSN = {1535-9484 (Electronic)
1535-9476 (Linking)},
   DOI = {10.1074/mcp.RA117.000470},
   url = {https://www.ncbi.nlm.nih.gov/pubmed/29222160},
   year = {2018},
   type = {Journal Article}
}

@article{Liu_2022,
   author = {Liu, Shiheng and Xia, Xian and Zhen, James and Li, Zihang and Zhou, Z. Hong},
   title = {Structures and comparison of endogenous 2-oxoglutarate and pyruvate dehydrogenase complexes from bovine kidney},
   journal = {bioRxiv},
   pages = {2022.04.06.487412},
   DOI = {10.1101/2022.04.06.487412},
   url = {https://www.biorxiv.org/content/biorxiv/early/2022/04/08/2022.04.06.487412.full.pdf},
   year = {2022},
   type = {Journal Article}
}

@article{Mande_1996,
   author = {Mande, S. S. and Sarfaty, S. and Allen, M. D. and Perham, R. N. and Hol, W. G.},
   title = {Protein-protein interactions in the pyruvate dehydrogenase multienzyme complex: dihydrolipoamide dehydrogenase complexed with the binding domain of dihydrolipoamide acetyltransferase},
   journal = {Structure},
   volume = {4},
   number = {3},
   pages = {277-86},
   ISSN = {0969-2126 (Print)
0969-2126 (Linking)},
   DOI = {10.1016/s0969-2126(96)00032-9},
   url = {https://www.ncbi.nlm.nih.gov/pubmed/8805537},
   year = {1996},
   type = {Journal Article}
}

@article{Martinez-Reyes_2020,
   author = {Martinez-Reyes, I. and Chandel, N. S.},
   title = {Mitochondrial TCA cycle metabolites control physiology and disease},
   journal = {Nat Commun},
   volume = {11},
   number = {1},
   pages = {102},
   ISSN = {2041-1723 (Electronic)
2041-1723 (Linking)},
   DOI = {10.1038/s41467-019-13668-3},
   url = {https://www.ncbi.nlm.nih.gov/pubmed/31900386},
   year = {2020},
   type = {Journal Article}
}

@article{Martinez-Reyes_2016,
   author = {Martinez-Reyes, I. and Diebold, L. P. and Kong, H. and Schieber, M. and Huang, H. and Hensley, C. T. and Mehta, M. M. and Wang, T. and Santos, J. H. and Woychik, R. and Dufour, E. and Spelbrink, J. N. and Weinberg, S. E. and Zhao, Y. and DeBerardinis, R. J. and Chandel, N. S.},
   title = {TCA Cycle and Mitochondrial Membrane Potential Are Necessary for Diverse Biological Functions},
   journal = {Mol Cell},
   volume = {61},
   number = {2},
   pages = {199-209},
   ISSN = {1097-4164 (Electronic)
1097-2765 (Linking)},
   DOI = {10.1016/j.molcel.2015.12.002},
   url = {https://www.ncbi.nlm.nih.gov/pubmed/26725009},
   year = {2016},
   type = {Journal Article}
}

@article{Mertins_2016,
   author = {Mertins, P. and Mani, D. R. and Ruggles, K. V. and Gillette, M. A. and Clauser, K. R. and Wang, P. and Wang, X. and Qiao, J. W. and Cao, S. and Petralia, F. and Kawaler, E. and Mundt, F. and Krug, K. and Tu, Z. and Lei, J. T. and Gatza, M. L. and Wilkerson, M. and Perou, C. M. and Yellapantula, V. and Huang, K. L. and Lin, C. and McLellan, M. D. and Yan, P. and Davies, S. R. and Townsend, R. R. and Skates, S. J. and Wang, J. and Zhang, B. and Kinsinger, C. R. and Mesri, M. and Rodriguez, H. and Ding, L. and Paulovich, A. G. and Fenyo, D. and Ellis, M. J. and Carr, S. A. and Nci, Cptac},
   title = {Proteogenomics connects somatic mutations to signalling in breast cancer},
   journal = {Nature},
   volume = {534},
   number = {7605},
   pages = {55-62},
   ISSN = {1476-4687 (Electronic)
0028-0836 (Linking)},
   DOI = {10.1038/nature18003},
   url = {https://www.ncbi.nlm.nih.gov/pubmed/27251275},
   year = {2016},
   type = {Journal Article}
}

@article{Minh_2020,
   author = {Minh, B. Q. and Schmidt, H. A. and Chernomor, O. and Schrempf, D. and Woodhams, M. D. and von Haeseler, A. and Lanfear, R.},
   title = {IQ-TREE 2: New Models and Efficient Methods for Phylogenetic Inference in the Genomic Era (vol 372020)},
   journal = {Molecular Biology and Evolution},
   volume = {37},
   number = {8},
   pages = {2461-2461},
   ISSN = {0737-4038},
   DOI = {10.1093/molbev/msaa131},
   url = {<Go to ISI>://WOS:000574381000025},
   year = {2020},
   type = {Journal Article}
}

@article{Murphy_2005,
   author = {Murphy, G. E. and Jensen, G. J.},
   title = {Electron cryotomography of the E. coli pyruvate and 2-oxoglutarate dehydrogenase complexes},
   journal = {Structure},
   volume = {13},
   number = {12},
   pages = {1765-1773},
   ISSN = {0969-2126},
   DOI = {10.1016/j.str.2005.08.016},
   url = {<Go to ISI>://WOS:000234286900007},
   year = {2005},
   type = {Journal Article}
}

@article{Nagy_2021,
   author = {Nagy, B. and Polak, M. and Ozohanics, O. and Zambo, Z. and Szabo, E. and Hubert, A. and Jordan, F. and Novacek, J. and Adam-Vizi, V. and Ambrus, A.},
   title = {Structure of the dihydrolipoamide succinyltransferase (E2) component of the human alpha-ketoglutarate dehydrogenase complex (hKGDHc) revealed by cryo-EM and cross-linking mass spectrometry: Implications for the overall hKGDHc structure},
   journal = {Biochim Biophys Acta Gen Subj},
   volume = {1865},
   number = {6},
   pages = {129889},
   ISSN = {1872-8006 (Electronic)
0304-4165 (Linking)},
   DOI = {10.1016/j.bbagen.2021.129889},
   url = {https://www.ncbi.nlm.nih.gov/pubmed/33684457},
   year = {2021},
   type = {Journal Article}
}

@article{Nemeria_2021,
   author = {Nemeria, N. S. and Zhang, X. and Leandro, J. and Zhou, J. and Yang, L. and Houten, S. M. and Jordan, F.},
   title = {Toward an Understanding of the Structural and Mechanistic Aspects of Protein-Protein Interactions in 2-Oxoacid Dehydrogenase Complexes},
   journal = {Life (Basel)},
   volume = {11},
   number = {5},
   ISSN = {2075-1729 (Print)
2075-1729 (Linking)},
   DOI = {10.3390/life11050407},
   url = {https://www.ncbi.nlm.nih.gov/pubmed/33946784},
   year = {2021},
   type = {Journal Article}
}

@article{Pan_1998,
   author = {Pan, K. and Jordan, F.},
   title = {D,L-S-methyllipoic acid methyl ester, a kinetically viable model for S-protonated lipoic acid as the oxidizing agent in reductive acyl transfers catalyzed by the 2-oxoacid dehydrogenase multienzyme complexes},
   journal = {Biochemistry},
   volume = {37},
   number = {5},
   pages = {1357-1364},
   ISSN = {0006-2960},
   DOI = {DOI 10.1021/bi971835y},
   url = {<Go to ISI>://WOS:000072048200026},
   year = {1998},
   type = {Journal Article}
}

@article{Perham_1991,
   author = {Perham, R. N.},
   title = {Domains, Motifs, and Linkers in 2-Oxo Acid Dehydrogenase Multienzyme Complexes - a Paradigm in the Design of a Multifunctional Protein},
   journal = {Biochemistry},
   volume = {30},
   number = {35},
   pages = {8501-8512},
   ISSN = {0006-2960},
   DOI = {DOI 10.1021/bi00099a001},
   url = {<Go to ISI>://WOS:A1991GD73300001},
   year = {1991},
   type = {Journal Article}
}

@article{Perham_2000,
   author = {Perham, R. N.},
   title = {Swinging arms and swinging domains in multifunctional enzymes: catalytic machines for multistep reactions},
   journal = {Annu Rev Biochem},
   volume = {69},
   pages = {961-1004},
   ISSN = {0066-4154 (Print)
0066-4154 (Linking)},
   DOI = {10.1146/annurev.biochem.69.1.961},
   url = {https://www.ncbi.nlm.nih.gov/pubmed/10966480},
   year = {2000},
   type = {Journal Article}
}

@article{Perrakis_2021,
   author = {Perrakis, A. and Sixma, T. K.},
   title = {AI revolutions in biology The joys and perils of AlphaFold},
   journal = {Embo Reports},
   volume = {22},
   number = {11},
   ISSN = {1469-221x},
   DOI = {ARTN e54046
10.15252/embr.202154046},
   url = {<Go to ISI>://WOS:000708793100001},
   year = {2021},
   type = {Journal Article}
}

@article{Pettersen_2004,
   author = {Pettersen, E. F. and Goddard, T. D. and Huang, C. C. and Couch, G. S. and Greenblatt, D. M. and Meng, E. C. and Ferrin, T. E.},
   title = {UCSF chimera - A visualization system for exploratory research and analysis},
   journal = {Journal of Computational Chemistry},
   volume = {25},
   number = {13},
   pages = {1605-1612},
   ISSN = {0192-8651},
   DOI = {10.1002/jcc.20084},
   url = {<Go to ISI>://WOS:000223379100005},
   year = {2004},
   type = {Journal Article}
}

@article{Pettersen_2021,
   author = {Pettersen, E. F. and Goddard, T. D. and Huang, C. R. C. and Meng, E. E. C. and Couch, G. S. and Croll, T. I. and Morris, J. H. and Ferrin, T. E.},
   title = {UCSF ChimeraX: Structure visualization for researchers, educators, and developers},
   journal = {Protein Science},
   volume = {30},
   number = {1},
   pages = {70-82},
   ISSN = {0961-8368},
   DOI = {10.1002/pro.3943},
   url = {<Go to ISI>://WOS:000580702900001},
   year = {2021},
   type = {Journal Article}
}

@article{Qi_2011,
   author = {Qi, F. and Pradhan, R. K. and Dash, R. K. and Beard, D. A.},
   title = {Detailed kinetics and regulation of mammalian 2-oxoglutarate dehydrogenase},
   journal = {BMC Biochem},
   volume = {12},
   pages = {53},
   ISSN = {1471-2091 (Electronic)
1471-2091 (Linking)},
   DOI = {10.1186/1471-2091-12-53},
   url = {https://www.ncbi.nlm.nih.gov/pubmed/21943256},
   year = {2011},
   type = {Journal Article}
}

@article{Reed_1974,
   author = {Reed, L. J.},
   title = {Multienzyme Complexes},
   journal = {Accounts of Chemical Research},
   volume = {7},
   number = {2},
   pages = {40-46},
   ISSN = {0001-4842},
   DOI = {DOI 10.1021/ar50074a002},
   url = {<Go to ISI>://WOS:A1974S162200002},
   year = {1974},
   type = {Journal Article}
}

@article{Reed_2001,
   author = {Reed, L. J.},
   title = {A trail of research from lipoic acid to alpha-keto acid dehydrogenase complexes},
   journal = {J Biol Chem},
   volume = {276},
   number = {42},
   pages = {38329-36},
   ISSN = {0021-9258 (Print)
0021-9258 (Linking)},
   DOI = {10.1074/jbc.R100026200},
   url = {https://www.ncbi.nlm.nih.gov/pubmed/11477096},
   year = {2001},
   type = {Journal Article}
}

@article{Remington_1982,
   author = {Remington, S. and Wiegand, G. and Huber, R.},
   title = {Crystallographic refinement and atomic models of two different forms of citrate synthase at 2.7 and 1.7 A resolution},
   journal = {J Mol Biol},
   volume = {158},
   number = {1},
   pages = {111-52},
   ISSN = {0022-2836 (Print)
0022-2836 (Linking)},
   DOI = {10.1016/0022-2836(82)90452-1},
   url = {https://www.ncbi.nlm.nih.gov/pubmed/7120407},
   year = {1982},
   type = {Journal Article}
}

@article{Ricaud_1996,
   author = {Ricaud, P. M. and Howard, M. J. and Roberts, E. L. and Broadhurst, R. W. and Perham, R. N.},
   title = {Three-dimensional structure of the lipoyl domain from the dihydrolipoyl succinyltransferase component of the 2-oxoglutarate dehydrogenase multienzyme complex of Escherichia coli},
   journal = {J Mol Biol},
   volume = {264},
   number = {1},
   pages = {179-90},
   ISSN = {0022-2836 (Print)
0022-2836 (Linking)},
   DOI = {10.1006/jmbi.1996.0632},
   url = {https://www.ncbi.nlm.nih.gov/pubmed/8950276},
   year = {1996},
   type = {Journal Article}
}

@article{Rigoulet_2020,
   author = {Rigoulet, M. and Bouchez, C. L. and Paumard, P. and Ransac, S. and Cuvellier, S. and Duvezin-Caubet, S. and Mazat, J. P. and Devin, A.},
   title = {Cell energy metabolism: An update},
   journal = {Biochim Biophys Acta Bioenerg},
   volume = {1861},
   number = {11},
   pages = {148276},
   ISSN = {1879-2650 (Electronic)
0005-2728 (Linking)},
   DOI = {10.1016/j.bbabio.2020.148276},
   url = {https://www.ncbi.nlm.nih.gov/pubmed/32717222},
   year = {2020},
   type = {Journal Article}
}

@article{Robien_1992,
   author = {Robien, M. A. and Clore, G. M. and Omichinski, J. G. and Perham, R. N. and Appella, E. and Sakaguchi, K. and Gronenborn, A. M.},
   title = {Three-dimensional solution structure of the E3-binding domain of the dihydrolipoamide succinyltransferase core from the 2-oxoglutarate dehydrogenase multienzyme complex of Escherichia coli},
   journal = {Biochemistry},
   volume = {31},
   number = {13},
   pages = {3463-71},
   ISSN = {0006-2960 (Print)
0006-2960 (Linking)},
   DOI = {10.1021/bi00128a021},
   url = {https://www.ncbi.nlm.nih.gov/pubmed/1554728},
   year = {1992},
   type = {Journal Article}
}

@article{Ryl_2020,
   author = {Ryl, P. S. J. and Bohlke-Schneider, M. and Lenz, S. and Fischer, L. and Budzinski, L. and Stuiver, M. and Mendes, M. M. L. and Sinn, L. and O'Reilly, F. J. and Rappsilber, J.},
   title = {In Situ Structural Restraints from Cross-Linking Mass Spectrometry in Human Mitochondria},
   journal = {J Proteome Res},
   volume = {19},
   number = {1},
   pages = {327-336},
   ISSN = {1535-3907 (Electronic)
1535-3893 (Linking)},
   DOI = {10.1021/acs.jproteome.9b00541},
   url = {https://www.ncbi.nlm.nih.gov/pubmed/31746214},
   year = {2020},
   type = {Journal Article}
}

@article{Schweke_2022,
   author = {Schweke, H. and Mucchielli, M. H. and Chevrollier, N. and Gosset, S. and Lopes, A.},
   title = {SURFMAP: A Software for Mapping in Two Dimensions Protein Surface Features},
   journal = {Journal of Chemical Information and Modeling},
   volume = {62},
   number = {7},
   pages = {1595-1601},
   ISSN = {1549-9596},
   DOI = {10.1021/acs.jcim.1c01269},
   url = {<Go to ISI>://WOS:000791024900001},
   year = {2022},
   type = {Journal Article}
}

@article{Sharma_2014,
   author = {Sharma, K. and D'Souza, R. C. and Tyanova, S. and Schaab, C. and Wisniewski, J. R. and Cox, J. and Mann, M.},
   title = {Ultradeep human phosphoproteome reveals a distinct regulatory nature of Tyr and Ser/Thr-based signaling},
   journal = {Cell Rep},
   volume = {8},
   number = {5},
   pages = {1583-94},
   ISSN = {2211-1247 (Electronic)},
   DOI = {10.1016/j.celrep.2014.07.036},
   url = {https://www.ncbi.nlm.nih.gov/pubmed/25159151},
   year = {2014},
   type = {Journal Article}
}

@article{Sievers_2018,
   author = {Sievers, F. and Higgins, D. G.},
   title = {Clustal Omega for making accurate alignments of many protein sequences},
   journal = {Protein Science},
   volume = {27},
   number = {1},
   pages = {135-145},
   ISSN = {0961-8368},
   DOI = {10.1002/pro.3290},
   url = {<Go to ISI>://WOS:000418254300014},
   year = {2018},
   type = {Journal Article}
}

@article{Siriwat_2018,
   author = {Siriwat, W. and Kalapanulak, S. and Suksangpanomrung, M. and Saithong, T.},
   title = {Unlocking conserved and diverged metabolic characteristics in cassava carbon assimilation via comparative genomics approach},
   journal = {Sci Rep},
   volume = {8},
   number = {1},
   pages = {16593},
   ISSN = {2045-2322 (Electronic)
2045-2322 (Linking)},
   DOI = {10.1038/s41598-018-34730-y},
   url = {https://www.ncbi.nlm.nih.gov/pubmed/30413726},
   year = {2018},
   type = {Journal Article}
}

@article{Skerlova_2021,
   author = {Skerlova, J. and Berndtsson, J. and Nolte, H. and Ott, M. and Stenmark, P.},
   title = {Structure of the native pyruvate dehydrogenase complex reveals the mechanism of substrate insertion},
   journal = {Nature Communications},
   volume = {12},
   number = {1},
   DOI = {ARTN 5277
10.1038/s41467-021-25570-y},
   url = {<Go to ISI>://WOS:000694666900025},
   year = {2021},
   type = {Journal Article}
}

@article{Smolle_2006,
   author = {Smolle, M. and Prior, A. E. and Brown, A. E. and Cooper, A. and Byron, O. and Lindsay, J. G.},
   title = {A new level of architectural complexity in the human pyruvate dehydrogenase complex},
   journal = {Journal of Biological Chemistry},
   volume = {281},
   number = {28},
   pages = {19772-19780},
   DOI = {10.1074/jbc.M601140200},
   url = {<Go to ISI>://WOS:000238847000090},
   year = {2006},
   type = {Journal Article}
}

@article{Spinelli_2018,
   author = {Spinelli, J. B. and Haigis, M. C.},
   title = {The multifaceted contributions of mitochondria to cellular metabolism},
   journal = {Nat Cell Biol},
   volume = {20},
   number = {7},
   pages = {745-754},
   ISSN = {1476-4679 (Electronic)
1465-7392 (Linking)},
   DOI = {10.1038/s41556-018-0124-1},
   url = {https://www.ncbi.nlm.nih.gov/pubmed/29950572},
   year = {2018},
   type = {Journal Article}
}

@article{Talavera_2007,
   author = {Talavera, G. and Castresana, J.},
   title = {Improvement of phylogenies after removing divergent and ambiguously aligned blocks from protein sequence alignments},
   journal = {Systematic Biology},
   volume = {56},
   number = {4},
   pages = {564-577},
   ISSN = {1063-5157},
   DOI = {10.1080/10635150701472164},
   url = {<Go to ISI>://WOS:000248359900002},
   year = {2007},
   type = {Journal Article}
}

@article{Taylor_2008,
   author = {Taylor, A. B. and Hu, G. and Hart, P. J. and McAlister-Henn, L.},
   title = {Allosteric motions in structures of yeast NAD+-specific isocitrate dehydrogenase},
   journal = {J Biol Chem},
   volume = {283},
   number = {16},
   pages = {10872-80},
   ISSN = {0021-9258 (Print)
0021-9258 (Linking)},
   DOI = {10.1074/jbc.M708719200},
   url = {https://www.ncbi.nlm.nih.gov/pubmed/18256028},
   year = {2008},
   type = {Journal Article}
}

@article{Tuting_2021,
   author = {Tuting, C. and Kyrilis, F. L. and Muller, J. and Sorokina, M. and Skalidis, I. and Hamdi, F. and Sadian, Y. and Kastritis, P. L.},
   title = {Cryo-EM snapshots of a native lysate provide structural insights into a metabolon-embedded transacetylase reaction},
   journal = {Nature Communications},
   volume = {12},
   number = {1},
   DOI = {ARTN 6933
10.1038/s41467-021-27287-4},
   url = {<Go to ISI>://WOS:000722939600006},
   year = {2021},
   type = {Journal Article}
}

@article{Strien_2021,
   author = {van Strien, J. and Haupt, A. and Schulte, U. and Braun, H. P. and Cabrera-Orefice, A. and Choudhary, J. S. and Evers, F. and Fernandez-Vizarra, E. and Guerrero-Castillo, S. and Kooij, T. W. A. and Palenikova, P. and Pardo, M. and Ugalde, C. and Wittig, I. and Wohlbrand, L. and Brandt, U. and Arnold, S. and Huynen, M. A.},
   title = {CEDAR, an online resource for the reporting and exploration of complexome profiling data},
   journal = {Biochimica Et Biophysica Acta-Bioenergetics},
   volume = {1862},
   number = {7},
   ISSN = {0005-2728},
   DOI = {ARTN 148411
10.1016/j.bbabio.2021.148411},
   url = {<Go to ISI>://WOS:000647649800003},
   year = {2021},
   type = {Journal Article}
}

@article{Vangone_2015,
   author = {Vangone, A. and Bonvin, A. M. J. J.},
   title = {Contacts-based prediction of binding affinity in protein-protein complexes},
   journal = {Elife},
   volume = {4},
   ISSN = {2050-084x},
   DOI = {ARTN e07454
10.7554/eLife.07454},
   url = {<Go to ISI>://WOS:000373851800001},
   year = {2015},
   type = {Journal Article}
}

@article{Voytik_2022,
   author = {Voytik, E. and Bludau, I. and Willems, S. and Hansen, F. M. and Brunner, A. D. and Strauss, M. T. and Mann, M.},
   title = {AlphaMap: an open-source Python package for the visual annotation of proteomics data with sequence-specific knowledge},
   journal = {Bioinformatics},
   volume = {38},
   number = {3},
   pages = {849-852},
   ISSN = {1367-4803},
   DOI = {10.1093/bioinformatics/btab674},
   url = {<Go to ISI>://WOS:000743386000035},
   year = {2022},
   type = {Journal Article}
}

@article{Walsh_2018,
   author = {Walsh, C. T. and Tu, B. P. and Tang, Y.},
   title = {Eight Kinetically Stable but Thermodynamically Activated Molecules that Power Cell Metabolism},
   journal = {Chem Rev},
   volume = {118},
   number = {4},
   pages = {1460-1494},
   ISSN = {1520-6890 (Electronic)
0009-2665 (Linking)},
   DOI = {10.1021/acs.chemrev.7b00510},
   url = {https://www.ncbi.nlm.nih.gov/pubmed/29272116},
   year = {2018},
   type = {Journal Article}
}

@article{Weaver_1996,
   author = {Weaver, T. and Banaszak, L.},
   title = {Crystallographic studies of the catalytic and a second site in fumarase C from Escherichia coli},
   journal = {Biochemistry},
   volume = {35},
   number = {44},
   pages = {13955-65},
   ISSN = {0006-2960 (Print)
0006-2960 (Linking)},
   DOI = {10.1021/bi9614702},
   url = {https://www.ncbi.nlm.nih.gov/pubmed/8909293},
   year = {1996},
   type = {Journal Article}
}

@article{Webb_2016,
   author = {Webb, B. and Sali, A.},
   title = {Comparative Protein Structure Modeling Using MODELLER},
   journal = {Curr Protoc Bioinformatics},
   volume = {54},
   pages = {5 6 1-5 6 37},
   ISSN = {1934-340X (Electronic)
1934-3396 (Linking)},
   DOI = {10.1002/cpbi.3},
   url = {https://www.ncbi.nlm.nih.gov/pubmed/27322406},
   year = {2016},
   type = {Journal Article}
}

@article{Wessel_1984,
   author = {Wessel, D. and Flugge, U. I.},
   title = {A method for the quantitative recovery of protein in dilute solution in the presence of detergents and lipids},
   journal = {Anal Biochem},
   volume = {138},
   number = {1},
   pages = {141-3},
   ISSN = {0003-2697 (Print)
0003-2697 (Linking)},
   DOI = {10.1016/0003-2697(84)90782-6},
   url = {https://www.ncbi.nlm.nih.gov/pubmed/6731838},
   year = {1984},
   type = {Journal Article}
}

@article{Wilson-Grady_2013,
   author = {Wilson-Grady, J. T. and Haas, W. and Gygi, S. P.},
   title = {Quantitative comparison of the fasted and re-fed mouse liver phosphoproteomes using lower pH reductive dimethylation},
   journal = {Methods},
   volume = {61},
   number = {3},
   pages = {277-286},
   ISSN = {1046-2023},
   DOI = {10.1016/j.ymeth.2013.03.031},
   url = {<Go to ISI>://WOS:000321804400010},
   year = {2013},
   type = {Journal Article}
}

@article{Wittig_2006,
   author = {Wittig, I. and Braun, H. P. and Schagger, H.},
   title = {Blue native PAGE},
   journal = {Nature Protocols},
   volume = {1},
   number = {1},
   pages = {418-428},
   ISSN = {1754-2189},
   DOI = {10.1038/nprot.2006.62},
   url = {<Go to ISI>://000251002200061},
   year = {2006},
   type = {Journal Article}
}

@article{Yang_2012,
   author = {Yang, Z. and Lasker, K. and Schneidman-Duhovny, D. and Webb, B. and Huang, C. C. and Pettersen, E. F. and Goddard, T. D. and Meng, E. C. and Sali, A. and Ferrin, T. E.},
   title = {UCSF Chimera, MODELLER, and IMP: an integrated modeling system},
   journal = {J Struct Biol},
   volume = {179},
   number = {3},
   pages = {269-78},
   ISSN = {1095-8657 (Electronic)
1047-8477 (Linking)},
   DOI = {10.1016/j.jsb.2011.09.006},
   url = {https://www.ncbi.nlm.nih.gov/pubmed/21963794},
   year = {2012},
   type = {Journal Article}
}

@article{Yankovskaya_2003,
   author = {Yankovskaya, V. and Horsefield, R. and Tornroth, S. and Luna-Chavez, C. and Miyoshi, H. and Leger, C. and Byrne, B. and Cecchini, G. and Iwata, S.},
   title = {Architecture of succinate dehydrogenase and reactive oxygen species generation},
   journal = {Science},
   volume = {299},
   number = {5607},
   pages = {700-4},
   ISSN = {1095-9203 (Electronic)
0036-8075 (Linking)},
   DOI = {10.1126/science.1079605},
   url = {https://www.ncbi.nlm.nih.gov/pubmed/12560550},
   year = {2003},
   type = {Journal Article}
}

@article{Zhong_2022,
   author = {Zhong, Y. and Gao, Y. and Zhou, D. and Ma, X. and Chen, H. and Xu, Y. and Yang, W. and Yu, X.},
   title = {Structural basis for the activity and regulation of human alpha-ketoglutarate dehydrogenase revealed by Cryo-EM},
   journal = {Biochem Biophys Res Commun},
   volume = {602},
   pages = {120-126},
   ISSN = {1090-2104 (Electronic)
0006-291X (Linking)},
   DOI = {10.1016/j.bbrc.2022.02.093},
   url = {https://www.ncbi.nlm.nih.gov/pubmed/35272141},
   year = {2022},
   type = {Journal Article}
}

@article{Zhou_2018,
   author = {Zhou, J. and Yang, L. and Ozohanics, O. and Zhang, X. and Wang, J. and Ambrus, A. and Arjunan, P. and Brukh, R. and Nemeria, N. S. and Furey, W. and Jordan, F.},
   title = {A multipronged approach unravels unprecedented protein-protein interactions in the human 2-oxoglutarate dehydrogenase multienzyme complex},
   journal = {J Biol Chem},
   volume = {293},
   number = {50},
   pages = {19213-19227},
   ISSN = {1083-351X (Electronic)
0021-9258 (Linking)},
   DOI = {10.1074/jbc.RA118.005432},
   url = {https://www.ncbi.nlm.nih.gov/pubmed/30323066},
   year = {2018},
   type = {Journal Article}
}

